4131 5847
1896 1064 1989 1074 -—
2031 1036 2142 1088 35‘)
2185 1066 2259 1074 —

1239 1162 1308 1216 de
1320 1161 1544 1217 réduire
1564 1161 1803 1233 £19,000,
1818 1167 1892 1233 et,
1918 1165 1967 1218 le
1986 1165 2340 1222 croirait-on!
2369 1184 2446 1223 un
2466 1168 2658 1223 artiste
2679 1168 2749 1222 de
2763 1167 2937 1236 Paris,

1239 1252 1312 1306 M.
1356 1252 1603 1305 Mafcelin
1639 1255 1877 1322 Legrond
1899 1270 1930 1308 a
1959 1254 2052 1308 osé
2082 1257 2483 1326 entreprendre
2518 1258 2589 1312 de
2627 1259 2705 1311 les
2740 1274 2941 1327 graver

1238 1345 1391 1411 tous,
1430 1341 1501 1396 de
1539 1342 1695 1410 facon
1737 1342 1768 1397 a
1804 1344 2007 1398 rendre
2040 1345 2340 1414 praticable
2377 1349 2426 1401 la
2460 1346 2821 1417 composition
2858 1348 2970 1401 du'

1235 1431 1446 1486 chinois
1474 1446 1543 1484 en
1576 1431 1882 1486 caractéres
1911 1433 2159 1488 mobiles.
2192 1434 2265 1488 Ce
2293 1436 2473 1490 meme
2507 1436 2783 1507 intrépide
2812 1453 2936 1507 gra-

1238 1536 1380 1573 veur
1397 1536 1429 1573 a
1449 1518 1679 1573 execute
1698 1521 1885 1575 divers
1902 1537 2063 1592 corps
2083 1523 2153 1576 de
2173 1526 2325 1590 zend,
2350 1541 2427 1579 un
2451 1541 2611 1595 corps
2630 1526 2702 1579 de
2721 1528 2933 1592 tamoul,

1235 1626 1312 1674 un
1340 1625 1501 1679 corps
1528 1610 1599 1663 dc
1623 1611 1906 1678 guzaram',
1944 1613 2094 1666 deux
2129 1596 2290 1682 corps
2325 1614 2395 1668 de
2425 1615 2815 1684 persépolitain,
2853 1633 2929 1670 un

1229 1715 1390 1768 corps
1414 1699 1485 1752 de
1512 1698 1746 1766 tibetaz'n,
1777 1702 1885 1753 etc.
1904 1741 1918 1769 ,
1952 1701 1987 1753 il
2010 1701 2129 1755 faut
2154 1702 2311 1757 avoir
2339 1703 2417 1757 du
2448 1703 2710 1758 Stanislas
2738 1705 2769 1758 J
2776 1706 2942 1768 ulien,

1234 1789 1371 1842 dans
1392 1790 1469 1841 les
1491 1786 1670 1858 doigts
1689 1792 1744 1842 et
1762 1788 1899 1843 dans
1927 1791 2130 1860 l’esprit
2155 1807 2300 1860 pour
2318 1807 2377 1846 se
2397 1792 2568 1845 livrer
2590 1793 2620 1846 a
2639 1793 2709 1847 de
2736 1793 2932 1861 pareil-

1232 1878 1311 1931 les
1331 1876 1718 1946 speculations.
1747 1894 1751 1897 '

1309 2151 1410 2206 Les
1428 2151 1568 2205 bons
1585 2166 1854 2220 graveurs
1870 2150 1942 2205 de
1959 2151 2266 2205 caracteres
2284 2151 2355 2205 de
2376 2150 2530 2205 Paris
2549 2155 2673 2222 sent
2694 2150 2824 2207 MM.
2837 2153 2930 2205 Lé-

1229 2258 1345 2312 gar,
1375 2241 1623 2307 quz'llet,
1653 2241 1987 2308 Lombardot,
2021 2241 2310 2305 Porthant,
2344 2243 2485 2310 etc.;
2521 2242 2600 2294 les
2636 2241 2775 2295 bons
2802 2257 2927 2310 gra-

1230 2344 1400 2384 veurs
1425 2345 1522 2383 sur
1546 2328 1667 2383 bois
1684 2333 1809 2383 sont
1827 2328 2202 2399 aujourd’hui,
2228 2327 2358 2383 MM.
2385 2328 2623 2383 Breviére
2644 2328 2921 2400 (Andrew,

1231 2422 1366 2486 Best,
1395 2417 1603 2489 Leloir),
1626 2404 1856 2485 Laeoste,
1885 2417 2170 2484 Cherriere,
2194 2421 2335 2490 etc.;
2367 2436 2510 2489 pour
2537 2419 2615 2473 les
2644 2419 2825 2474 billets
2854 2421 2924 2474 de
2962 2406 2967 2413 ‘

1229 2510 1471 2578 banque,
1485 2510 1669 2574 Baﬂe,
1689 2508 1947 2573 Saunier;
1967 2524 2110 2578 pour
2130 2510 2208 2562 les
2227 2509 2339 2562 fers
2358 2509 2428 2562 de
2449 2510 2702 2577 relieurs,
2721 2508 2925 2576 Chesle;

1228 2615 1371 2668 pour
1408 2599 1459 2652 la
1490 2598 1638 2652 fonte
1671 2597 1770 2651 des
1795 2597 2135 2667 caractéres,
2168 2613 2230 2652 ce
2259 2601 2384 2652 sont
2415 2597 2545 2652 MM.
2597 2598 2759 2652 Tarbé
2787 2598 2922 2670 (mé-

1229 2689 1390 2743 daille
1417 2686 1585 2758 d’or),
1625 2689 1855 2740 Laurent
1894 2690 1950 2740 et
1987 2686 2227 2756 Deberny
2272 2684 2574 2756 (médailles
2618 2685 2917 2758 d’argent),

1227 2778 1468 2832 Aubanet
1504 2775 1811 2844 d’Avignon
1827 2816 1841 2845 ,
1889 2778 2035 2845 Lyon
2069 2780 2125 2829 et
2159 2775 2472 2844 Laboulaye,
2513 2776 2830 2844 Deschamps
2865 2780 2921 2828 et

1228 2868 1427 2921 Fessz'n.

1301 2958 1448 3012 Pour
1473 2958 1551 3009 les
1578 2955 1884 3009 caractéres
1920 2970 1989 3007 en
2025 2953 2216 3023 alliage
2252 2956 2377 3023 plus
2416 2954 2527 3007 dur
2548 2969 2659 3023 que
2689 2955 2741 3007 la
2771 2953 2921 3008 fonte

1224 3046 1532 3113 ordinaire,
1564 3029 1636 3098 on
1664 3043 2004 3113 remarquait
2038 3060 2180 3098 ceux
2211 3043 2283 3097 de
2310 3043 2385 3097 M.
2416 3042 2643 3112 Colson,
2674 3044 2745 3097 de
2779 3042 2920 3098 Cler-

1224 3137 1623 3190 mont-Ferrant.
1655 3133 1766 3188 Son
1786 3133 2070 3187 invention
2102 3133 2361 3187 convient
2385 3137 2608 3187 surtout
2639 3149 2749 3187 aux
2762 3135 2933 3202 jour-~

1224 3227 1464 3296 nalistes,
1487 3224 1585 3294 qui
1613 3227 1776 3277 usent
1794 3222 2325 3278 considérablement
2351 3224 2501 3277 leurs
2529 3223 2732 3276 formes
2750 3240 2851 3293 par
2869 3226 2920 3277 le

1224 3320 1458 3386 taquage
1479 3317 1536 3368 et
1552 3316 1776 3367 surtout
1800 3328 1900 3382 par
1926 3314 1977 3366 le
2001 3316 2290 3389 nettoyage
2319 3312 2505 3366 brutal
2526 3312 2596 3365 de
2616 3312 2667 3366 la
2695 3311 2885 3366 brosse
2899 3353 2915 3380 ,

1220 3406 1317 3476 qui
1339 3403 1533 3459 enléve
1553 3406 1679 3483 tous
1701 3404 1780 3456 les
1799 3401 1997 3472 déliés;
2023 3402 2455 3457 heureusement
2472 3404 2646 3473 qu’un
2666 3401 2921 3472 chimiste

1221 3493 1466 3565 polonais
1485 3492 1639 3546 vient
1656 3491 1909 3546 d’établir
1930 3492 2060 3546 chez
2081 3491 2441 3561 l’imprimeur
2467 3491 2700 3561 Hanicq,
2723 3491 2793 3567 de
2815 3491 2917 3545 Ma-

1220 3586 1386 3653 lines,
1425 3598 1504 3637 un
1543 3580 1779 3652 procédé
1804 3572 1880 3635 dé‘
1912 3585 2202 3651 nettoyage
2240 3597 2366 3635 sans
2398 3582 2616 3651 brosse,
2656 3581 2793 3635 dont
2829 3584 2917 3635 cet

1222 3673 1549 3744 imprimeur
1569 3671 1785 3725 célébre
1807 3675 1889 3724 est
1914 3686 1987 3725 on
2013 3687 2083 3725 ne
2101 3675 2237 3741 peut
2256 3672 2381 3741 plus
2402 3671 2654 3725 satisfait.

1295 3761 1450 3820 Voici
1479 3776 1541 3814 ce
1567 3775 1678 3830 que
1699 3775 1840 3814 nous
1859 3776 1928 3815 en
1955 3776 2155 3814 savons
2179 3780 2208 3831 :‘
2225 3762 2277 3815 la
2303 3761 2506 3829 forme,
2531 3748 2771 3828 saturée,
2793 3775 2919 3828 pen-

1221 3853 1356 3907 dant
1389 3851 1660 3921 quelques
1694 3848 1963 3920 minutes,
2004 3850 2074 3903 de
2114 3853 2326 3920 potasse
2364 3849 2680 3920 caustique,
2714 3852 2795 3903 est
2822 3865 2915 3904 en-

1222 3941 1363 3996 suite
1390 3940 1672 3993 vivement
1698 3939 1958 4007 aspergée
1979 3925 2206 4008 d’un’jet
2224 3939 2382 3994 d’eau
2403 3938 2499 4008 qui
2520 3939 2571 3993 la
2592 3939 2916 3993 débarrasse
