4131 5847
1588 1870 2531 1963 TYPOGRAPHIE.

1267 2809 1391 2879 Que
1424 2809 1545 2863 dire
1574 2808 1644 2862 dc
1678 2807 2054 2878 l’imprimerie
2089 2823 2159 2861 en
2198 2807 2505 2862 caractéres
2537 2807 2766 2861 mobiles
2793 2807 2894 2877 qui

1192 2899 1323 2952 n’ait
1341 2899 1429 2953 été
1457 2898 1645 2967 répété
1674 2902 1801 2952 cent
1827 2898 1958 2967 fois,
1990 2898 2035 2952 si
2061 2915 2123 2952 ce
2150 2898 2289 2951 n’est
2305 2912 2418 2967 que
2445 2899 2495 2965 la
2524 2891 2893 2952 mobilisation

1190 2988 1290 3041 des
1309 2988 1384 3042 24
1410 2988 1599 3041 lettres
1627 2987 1697 3041 de
1725 2991 1884 3041 notre
1912 2987 2198 3058 alphabet,
2229 3003 2331 3057 par
2355 2985 2662 3054 Guttenberg
2689 3003 2763 3041 ou
2791 2981 2920 3058 par'

1189 3064 1419 3130 Laurent
1445 3076 1646 3143 Caster,
1671 3094 1705 3129 a
1725 3077 1825 3144 fait
1850 3094 1953 3130 une
1977 3077 2263 3130 révolution
2288 3076 2435 3130 aussi
2464 3077 2673 3146 grande
2699 3093 2813 3146 que
2840 3078 2891 3131 le

1189 3167 1351 3220 ferait
1376 3167 1426 3220 la
1454 3167 1821 3221 mobilisation
1842 3167 1911 3220 de
1939 3169 1989 3221 la
2017 3167 2298 3237 propriété
2325 3167 2570 3221 fonciére
2614 3187 2629 3221 :
2678 3169 2729 3222 la
2765 3183 2895 3237 pre-

1189 3256 1362 3310 miere
1388 3249 1815 3311 facilite’autant
1859 3258 1910 3310 la
1958 3256 2337 3310 transmission
2366 3257 2465 3310 des
2495 3256 2643 3310 idées
2678 3274 2790 3328 que
2837 3260 2890 3314 la

1186 3346 1422 3399 seconde
1442 3346 1787 3400 favoriserait
1806 3347 1857 3400 la
1878 3347 2260 3400 transmission
2282 3346 2353 3399 de
2373 3346 2673 3415 l’béritage.

1261 3434 1464 3504 Quand
1499 3452 1640 3490 nous
1676 3436 1866 3490 dirons
1899 3451 2011 3505 que
2043 3437 2165 3490 l’art
2199 3425 2641 3506 typographique
2669 3440 2753 3491 est
2789 3440 2890 3493 ﬂo-

1187 3525 1387 3579 rissant
1413 3541 1482 3578 en
1510 3526 1747 3595 France,
1782 3539 1853 3579 on
1885 3541 2027 3579 nous
2052 3525 2331 3595 répondra
2359 3542 2471 3595 que
2499 3527 2550 3579 le
2577 3542 2886 3583 commerce

1184 3614 1255 3668 de
1293 3616 1344 3668 la
1371 3614 1616 3668 librairie
1642 3631 1680 3684 y
1708 3619 1791 3668 est
1817 3615 1862 3668 si
1892 3615 2105 3668 malade
2132 3630 2245 3684 que
2279 3615 2560 3684 plusieurs
2594 3622 2886 3685 exposants

1184 3706 1281 3755 ont
1308 3702 1459 3772 failli,
1493 3706 1672 3757 meme
1699 3704 1945 3773 pendant
1971 3703 2336 3773 l’exposition.

1258 3790 1346 3847 On
1373 3793 1541 3846 dirait
1559 3809 1671 3863 que
1692 3795 1817 3864 plus
1845 3792 2220 3863 l’imprimerie
2241 3793 2340 3847 fait
2364 3792 2435 3846 de
2461 3792 2630 3846 belles
2657 3792 2879 3864 choses,

1181 3883 1306 3949 plus
1332 3884 1435 3937 elle
1463 3882 1561 3938 fait
1589 3883 1658 3936 de
1694 3883 2006 3937 mauvaises
2033 3882 2280 3953 aﬂ‘aires;
2312 3883 2427 3935 cela
2454 3882 2755 3953 s’explique
2781 3901 2883 3953 par

1180 3972 1624 4048 l’augmentation
1647 3972 1717 4025 de
1744 3972 1867 4041 prix
1887 3972 1985 4028 des
2005 3972 2240 4027 editions
2267 3972 2485 4025 deluxe
2501 4012 2516 4040 ,
2548 3972 2645 4041 qui
2669 3989 2740 4027 ne
2760 3978 2884 4027 sont
