4131 5847
1879 1051 2213 1112 -—5.38——

1187 1184 1334 1238 mille
1379 1184 1591 1250 francs,
1643 1199 1675 1236 a
1710 1182 1839 1236 bien
1877 1183 2080 1238 trouvé
2115 1197 2193 1237 un
2240 1188 2492 1238 amateur
2531 1183 2892 1253 britannique

1187 1289 1329 1342 pour
1355 1275 1406 1327 la
1433 1287 1625 1342 payer,
1655 1271 1987 1341 quoiqu’elle
2025 1285 2097 1324 no
2122 1272 2279 1325 valid
2312 1287 2409 1341 pas
2458 1271 2646 1326 mieux
2675 1275 2893 1342 .qu’une

1188 1365 1404 1415 montre
1430 1361 1504 1415 de
1521 1360 1768 1414 soixante
1791 1361 2001 1430 francs;
2035 1360 2172 1414 mais
2198 1361 2277 1414 s’il
2306 1361 2402 1415 cut
2423 1362 2623 1430 exposé
2642 1361 2891 1416 soixante

1185 1456 1431 1505 montres
1458 1451 1803 1518 semblables,
1835 1450 1873 1503 il
1900 1451 2049 1519 n’el‘lt
2075 1452 2355 1519 peut-étre
2384 1465 2481 1520 pas
2500 1467 2577 1520 pu
2602 1452 2681 1504 les
2705 1452 2891 1521 placer

1185 1543 1215 1596 a
1238 1541 1411 1609 4,000
1430 1542 1613 1595 francs
1633 1541 1683 1594 la
1709 1540 1884 1609 piece.
2418 1592 2423 1597 .
2503 1595 2512 1604 ,
2562 1560 2571 1586 .~
2670 1583 2674 1588 .

1260 1631 1593 1685 L’industrie
1616 1631 1881 1683 moderne
1901 1629 2096 1683 diﬂ‘ére
2123 1631 2267 1684 donc
2286 1631 2357 1684 de
2380 1632 2501 1685 l’art
2519 1631 2716 1685 ancien
2737 1645 2810 1684 en
2828 1646 2891 1684 ce

1184 1724 1384 1793 qu’elle
1402 1738 1434 1776 a
1456 1735 1601 1791 pour
1616 1721 1721 1774 but
1737 1721 1808 1773 de
1828 1720 2131 1789 multiplier
2150 1720 2181 1773 a
2194 1720 2386 1774 l’inﬁni
2408 1722 2488 1774 lee
2501 1721 2776 1791 épreuves
2793 1718 2892 1773 des

1184 1811 1361 1883 objets
1381 1810 1547 1864 d’une
1565 1807 1746 1863 ntilité
1762 1807 2039 1877 générale,
2064 1812 2120 1863 et
2138 1807 2262 1863 d’en
2281 1810 2523 1864 abaisser
2540 1812 2824 1864 tellement
2841 1811 2892 1863 le

1184 1900 1309 1968 prix
1326 1900 1486 1969 qu’ils
1505 1898 1683 1952 soient
1702 1896 2025 1952 accessibles
2043 1898 2075 1952 a
2110 1900 2160 1952 la
2183 1899 2354 1953 classe
2376 1901 2427 1953 la
2455 1901 2580 1970 plus
2598 1914 2813 1970 pauvre
2834 1903 2890 1953 et

1184 1992 1232 2043 la
1251 1990 1378 2058 plus
1394 1988 1749 2057 nombreuse,
1762 1987 2042 2056 alaquelle
2061 2001 2163 2041 nos
2180 1987 2599 2059 philanthropes
2618 1988 2892 2043 s’intéres-

1184 2082 1325 2144 sent,
1355 2077 1536 2131 dit~on
1551 2116 1569 2147 ,
1591 2077 1636 2130 si
1656 2076 1943 2130 vivement
1966 2076 2038 2129 de
2064 2092 2166 2131 nos
2184 2078 2365 2146 jours.
2562 2066 2565 2072 ‘
2880 2120 2884 2124 .

1258 2167 1363 2222 Les
1384 2166 1553 2221 livres
1580 2165 1910 2221 manuscrits
1938 2165 2145 2220 étaient
2172 2166 2317 2235 jadis
2340 2167 2445 2220 .des
2469 2168 2649 2237 objets
2673 2168 2816 2223 d’art
2837 2166 2888 2222 si

1184 2258 1425 2312 couteux
1444 2260 1500 2311 et
1518 2256 1562 2311 si
1584 2271 1738 2311 rares
1755 2255 1918 2325 qu’ils
1936 2269 1995 2308 se
2014 2256 2461 2311 transmettaient
2477 2271 2577 2327 par
2596 2257 2891 2313 testament

1184 2360 1397 2400 comme
1423 2361 1501 2400 un
1529 2343 1730 2414 champ
1755 2359 1831 2398 ou
1857 2360 1969 2398 une
1988 2344 2200 2399 maison
2226 2345 2297 2399 de
2316 2359 2615 2416 campagne
2630 2366 2646 2415 ;
2671 2360 2771 2400 nos
2796 2355 2887 2400 co-

1184 2435 1300 2504 pies
1335 2433 1804 2504 typographiques
1839 2448 1911 2488 au
1952 2434 2229 2488 contraire
2257 2438 2381 2488 sont
2417 2435 2496 2491 du
2524 2435 2781 2490 domaine
2819 2435 2889 2489 de

1184 2523 1511 2592 l’industrie,
1538 2527 1595 2577 et
1618 2525 1698 2577 les
1716 2522 1962 2577 éditeurs
1979 2524 2081 2593 qui
2107 2539 2177 2577 en
2195 2523 2415 2578 élévent
2434 2526 2510 2578 les
2529 2525 2654 2593 prix
2673 2540 2775 2594 par
2793 2525 2891 2578 des

1184 2616 1504 2666 ornements
1529 2612 1661 2666 d’un
1695 2614 1825 2666 luxe
1860 2612 2121 2682 cxagére,
2158 2613 2381 2667 suivent
2416 2629 2527 2667 une
2555 2612 2683 2667 voie
2717 2613 2891 2667 retro-

1184 2703 1355 2772 grade
1380 2702 1477 2772 qui
1507 2704 1586 2756 les
1610 2702 1840 2756 conduit
1865 2700 2305 2756 infailliblement
2332 2701 2364 2756 a
2382 2704 2433 2756 la
2460 2702 2848 2772 banqueroute
2872 2721 2887 2772 ;

1185 2808 1281 2846 car
1306 2792 1375 2846 ils
1398 2796 1496 2847 out
1521 2791 1666 2846 beau
1689 2791 1894 2845 limiter
1922 2793 2000 2844 les
2028 2791 2230 2861 til-ages
2267 2797 2322 2848 et
2353 2793 2533 2847 briser
2559 2795 2711 2847 Ieurs
2739 2795 2891 2863 plan-

1184 2883 1316 2935 ches
1337 2882 1499 2953 aprés
1521 2894 1599 2936 un
1627 2881 1765 2951 petit
1792 2881 2024 2935 nombre
2045 2881 2460 2953 d’exemplaires
2475 2925 2495 2953 ,
2524 2885 2640 2938 cela
2667 2898 2738 2937 ne
2756 2883 2885 2937 cha-

1184 2971 1377 3026 touille
1402 2974 1528 3041 plus
1564 2973 2023 3042 l’amour-pmpre
2058 2972 2155 3025 des
2193 2972 2375 3026 riches
2406 2972 2758 3043 bibliOphiles
2789 2972 2890 3043 qui

1185 3062 1413 3116 veulent
1427 3061 1560 3117 bien
1579 3073 1751 3131 payer
1778 3062 1911 3114 eher
1931 3078 2010 3115 un
2037 3061 2177 3116 livre
2200 3062 2435 3132 unique,
2461 3063 2600 3117 mais
2619 3062 2719 3133 qui
2748 3077 2884 3117 veu-

1187 3154 1302 3206 lent
1320 3154 1370 3206 le
1391 3152 1655 3221 posséder
1672 3167 1799 3206 sans
1824 3155 2070 3221 partage.

1264 3241 1338 3295 La
1365 3242 1626 3310 parabole
1659 3241 1731 3295 de
1756 3242 2042 3295 l’amateur
2069 3241 2141 3294 de
2169 3240 2369 3309 tulipes
2396 3240 2494 3310 qui
2515 3244 2683 3310 ayant
2708 3241 2893 3310 appris

1188 3331 1496 3384 I’existenee
1525 3331 1657 3386 d’un
1686 3331 1891 3400 oignon
1917 3331 1989 3384 de
2023 3331 2074 3384 la
2101 3331 2280 3385 méme
2306 3331 2500 3399 espece
2529 3346 2641 3400 que
2668 3332 2719 3383 le
2738 3331 2858 3385 sien
2873 3371 2889 3400 ,

1187 3421 1413 3473 l’acheta
1434 3419 1650 3488 50,000
1670 3420 1862 3474 florins
1889 3435 2035 3489 pour
2055 3421 2106 3473 le
2131 3420 2335 3488 broyer
2362 3435 2502 3475 sous
2518 3436 2619 3475 son
2639 3421 2793 3492 pied,
2811 3426 2895 3475 est

1189 3509 1450 3562 l’histoire
1477 3509 1670 3563 intime
1692 3509 1762 3563 de
1782 3512 1909 3563 tous
1928 3510 2007 3563 les
2028 3508 2177 3562 vrais
2196 3508 2595 3578 bibliOpbages.

1264 3597 1341 3652 Ge
1367 3600 1504 3651 n’est
1531 3613 1629 3667 pas
1654 3613 1799 3668 pour
1834 3613 1925 3652 ees
1959 3598 2283 3667 maniaques
2310 3598 2546 3668 égoistes
2577 3601 2751 3668 qu’un
2778 3597 2894 3652 e'dic

1190 3692 1319 3741 teur
1344 3687 1415 3740 de
1440 3687 1752 3744 livresdoit
1777 3687 2086 3757 travailler,
2124 3689 2255 3741 c’est
2279 3701 2422 3755 pour
2442 3689 2520 3741 les
2548 3701 2783 3755 masses,
2814 3689 2890 3755 et,

1142 3838 1149 3844 .
1191 3788 1406 3832 comme
1430 3779 1496 3831 l’a
1522 3777 1621 3832 fait
1642 3779 1909 3832 obserVer
1929 3777 2003 3831 M.
2035 3776 2184 3834 Leon
2211 3776 2522 3830 Delaborde
2546 3795 2560 3829 :
2595 3800 2617 3823 «
2636 3776 2735 3829 Tel
2755 3775 2895 3828 livre

1191 3866 1318 3935 qui,
1350 3866 1457 3920 tire
1484 3866 1514 3919 a
1545 3867 1716 3935 1,200
1746 3866 2109 3936 exemplaires
2130 3866 2269 3920 dans
2296 3866 2375 3919 les
2400 3865 2713 3928 conditions
2735 3864 2809 3919 mi
2835 3881 2895 3919 se

1197 3956 1442 4010 trouvait
1462 3956 1835 4026 l’imprimerie
1862 3957 1905 4009 il
1926 3972 1964 4025 y
1986 3972 2018 4009 a
2046 3956 2202 4023 vingt
2220 3969 2350 4023 ans,
2378 3948 2560 4010 aurait
2579 3954 2835 4025 présenté
2862 3955 2894 4008 a
