4131 5847
1829 1051 2205 1141 '—539_——

1179 1204 1434 1259 l’éditeur
1459 1220 1536 1258 un
1564 1204 1689 1274 prix
1708 1205 1779 1258 de
1811 1205 2028 1258 revient
2045 1204 2119 1257 de
2137 1204 2317 1273 3,000
2335 1203 2543 1273 francs,
2561 1205 2592 1257 a
2613 1204 2739 1259 we
2754 1205 2889 1260 d’nn

1179 1294 1425 1348 bénéfice
1461 1289 1699 1363 possible
1724 1295 1795 1347 dc
1821 1291 1996 1364 2,000
2024 1294 2238 1362 francs,
2276 1308 2309 1347 a
2342 1293 2433 1347 été
2469 1293 2726 1363 imprimé
2752 1310 2887 1349 avec

1180 1387 1299 1437 tant
1319 1384 1391 1437 de
1410 1384 1674 1454 richesse,
1706 1396 1805 1438 sur
1832 1398 1911 1438 un
1932 1383 2127 1453 papier
2151 1382 2198 1436 si
2217 1383 2360 1437 beau
2383 1387 2439 1437 ct
2463 1398 2598 1438 avec
2617 1398 2730 1438 une
2757 1386 2887 1438 telle

1178 1473 1464 1543 profusion
1491 1475 1561 1528 de
1579 1488 1849 1543 gravures
1865 1514 1880 1542 ,
1911 1485 2023 1541 que
2044 1474 2122 1525 les
2145 1471 2277 1526 frais
2301 1472 2374 1525 de
2390 1470 2645 1526 l’éditeur
2674 1487 2734 1526 se
2759 1477 2885 1527 sont

1180 1562 1363 1616 élevés
1389 1563 1419 1616 a
1441 1563 1695 1633 200,000
1715 1563 1919 1616 francs.

1255 1651 1386 1705 Tire
1405 1651 1437 1705 a
1463 1651 1488 1705 l
1503 1648 1658 1721 ,200,
1689 1652 1905 1721 ehaque
1933 1649 2268 1718 exemplaire
2298 1648 2482 1703 auraii
2507 1650 2637 1702 valu
2658 1650 2788 1718 pres
2813 1650 2886 1704 do

1179 1741 1293 1795 200
1319 1741 1504 1794 francs
1526 1761 1543 1811 ;
1582 1736 1721 1808 mais
1747 1740 2006 1810 imprimé
2030 1738 2062 1792 a
2088 1738 2329 1808 45,000,
2369 1738 2407 1791 il
2440 1739 2644 1792 entrait
2670 1739 2810 1794 dans
2837 1742 2890 1794 le

1180 1838 1491 1882 commerce
1514 1829 1546 1882 a
1566 1828 1750 1883 raison
1775 1828 1848 1883 de
1865 1826 1941 1883 ‘20
1960 1830 2144 1882 francs
2169 1827 2537 1896 l’exemplaire
2564 1830 2619 1881 et
2642 1826 2887 1883 l’édition

1179 1913 1398 1971 rendait
1424 1930 1495 1971 an
1520 1917 1746 1971 iibraire
1769 1914 2019 1986 400,000
2046 1917 2231 1970 francs
2249 1916 2319 1970 de
2345 1915 2615 1973 bénéﬁce.
2855 1920 2858 1924 '

1256 2006 1397 2061 C’est
1441 2005 1749 2062 seulement
1791 2005 1824 2060 a
1885 2020 1977 2060 ces
2033 2005 2343 2060 conditions
2359 2045 2377 2073 ,
2419 2005 2731 2058 conformes
2767 2004 2799 2059 a
2835 2007 2889 2060 la

1179 2096 1440 2151 diffusion
1467 2097 1565 2151 des
1588 2093 1851 2152 imniéres
1869 2099 1925 2150 et
1951 2095 1983 2149 a
2012 2097 2064 2150 la
2084 2094 2326 2150 division
2354 2095 2455 2148 des
2476 2095 2733 2148 fortunes
2754 2094 2888 2164 qu’il

1181 2188 1265 2239 est
1293 2186 1531 2255 possible
1557 2195 1668 2240 aux
1694 2185 2075 2255 speculateurs
2108 2183 2179 2238 de
2217 2183 2423 2238 maricr
2459 2185 2580 2238 Part
2604 2183 2636 2237 a
2660 2183 2888 2239 l’indus-

1179 2274 1308 2328 trio.

1255 2362 1521 2417 L’échelle
1548 2364 1620 2417 de
1655 2361 1969 2432 statistique
1994 2363 2094 2433 qui
2122 2373 2368 2434 manque
2391 2379 2504 2416 aux
2530 2361 2882 2433 industrlels,

1182 2451 1319 2505 mais
1341 2450 1472 2520 qu’il
1505 2454 1588 2505 est
1614 2450 1726 2506 aisé
1753 2450 2031 2521 d’établir,
2073 2452 2420 2506 consisterait
2456 2468 2526 2506 en
2553 2468 2632 2506 un
2662 2453 2884 2506 tableau

1180 2539 1280 2593 des
1299 2551 1541 2593 revenue
1556 2538 1690 2594 d'un
1707 2554 1845 2610 pays
1859 2543 1915 2594 et
1934 2540 2013 2595 du
2034 2541 2267 2595 nombre
2285 2542 2357 2596 de
2373 2541 2766 2613 propriétaires
2784 2556 2886 2612 par

1182 2629 1483 2698 categories
1519 2650 1533 2683 :
1573 2643 1676 2700 par
1727 2631 2010 2700 exemple,
2038 2630 2076 2684 il
2109 2647 2146 2701 y
2174 2647 2207 2684 a
2239 2647 2311 2685 en
2345 2632 2559 2686 France
2592 2631 2728 2686 trois
2760 2648 2885 2701 per-

1180 2730 1382 2772 sonnes
1403 2719 1501 2788 qui
1538 2720 1837 2789 possedent
1863 2735 1942 2773 un
1965 2735 2185 2774 revenu
2220 2720 2291 2774 de
2327 2722 2453 2790 plus
2479 2720 2614 2774 d’un
2641 2721 2881 2792 million;

1181 2810 1316 2863 trois
1341 2813 1493 2863 cents
1512 2810 1610 2880 qui
1637 2810 1934 2880 possédent
1962 2811 2074 2865 500
2100 2810 2248 2864 mm:
2274 2812 2487 2881 francs,
2520 2815 2577 2866 et
2602 2811 2738 2866 trois
2758 2816 2887 2868 cent

1180 2899 1330 2952 mille
1347 2886 1445 2968 q'ui
1465 2900 1762 2969 possédent
1781 2898 2015 2970 25,000.

1255 2989 1297 3041 ll
1319 2989 1474 3058 s’agit
1492 2990 1563 3043 de
1582 2988 1766 3043 savoir
1792 2989 1824 3042 a
1849 2990 2032 3058 quelle
2056 3003 2196 3042 zone
2219 2989 2290 3043 dc
2315 2988 2710 3065 propriétaires
2737 2990 2774 3043 il
2801 2995 2911 3045 est'

1180 3080 1230 3131 le
1256 3080 1383 3147 plus
1401 3081 1748 3147 avantageux
1774 3078 1846 3131 dc
1873 3078 2200 3147 s’adresser;
2228 3079 2357 3132 c’est
2382 3073 2636 3147 toujours
2663 3094 2732 3132 en
2760 3078 2886 3132 dead

1181 3167 1419 3221 cendant
1446 3169 1613 3236 qu’on
1642 3171 1905 3221 tronvera
1932 3168 2011 3220 les
2039 3165 2280 3221 couches
2308 3170 2387 3221 les
2415 3170 2540 3236 plus
2568 3157 2796 3236 denses;
2827 3172 2885 3221 et

1179 3258 1416 3310 souvent
1442 3258 1714 3326 quelques
1735 3256 1918 3309 francs
1937 3255 2007 3308 de
2030 3255 2207 3309 moins
2227 3257 2482 3310 sufﬁsent
2502 3272 2646 3326 pour
2667 3257 2884 3311 dormer

1178 3345 1522 3398 des'milliers
1548 3338 1892 3399 d’acheteu'rs
1917 3344 1989 3396 de
2015 3345 2160 3413 plus.
2892 3348 2899 3354 '

1256 3431 1312 3489 Si
1339 3433 1417 3487 lcs
1444 3434 1691 3488 éditeurs
1714 3432 1985 3502 parisiens
2010 3433 2230 3486 avaicnt
2254 3435 2426 3488 voulu
2450 3435 2811 3489 abandonner
2831 3436 2884 3489 la

1179 3520 1304 3577 vole
1329 3525 1606 3578 luxucuse'
1639 3535 1769 3576 vers
1795 3523 2031 3592 laqudle
2064 3522 2130 3575 ils
2168 3505 2391 3577 ont'éu':
2419 3523 2656 3593 poussés"
2677 3538 2779 3593 par
2804 3524 2885 3576 les

1179 3613 1360 3683 éloges
1379 3612 1640 3682 exagérés
1658 3626 1771 3682 que
1790 3614 1842 3666 la
1861 3626 2049 3681 presse
2069 3627 2100 3665 a
2120 3612 2419 3681 prodigués
2438 3629 2550 3667 aux
2569 3612 2757 3683 Didot,
2772 3628 2885 3666 aux

1180 3702 1510 3773 Pankouke,
1534 3715 1646 3756 aux
1672 3701 1942 3770 Bossange
1957 3738 1973 3771 ,
1995 3716 2107 3755 aux
2125 3700 2403 3766 Ladvocat
2428 3706 2484 3756 ct
2509 3718 2620 3756 aux
2647 3687 2877 3771 Everat,

1179 3794 1229 3846 la
1266 3777 1615 3860 contrefacon
1654 3790 1890 3845 n’aurait
1924 3806 2002 3859 pu
2029 3790 2269 3843 s’établir
2300 3806 2370 3844 en
2408 3790 2701 3861 Belgique;
2747 3790 2882 3843 mais

1178 3883 1367 3952 quand
1396 3895 1468 3935 on
1509 3884 1782 3951 s’apercut
1826 3882 2000 3951 qu’un
2040 3881 2264 3934 volume
2280 3922 2295 3950 ,
2320 3881 2391 3934 de
2433 3881 2466 3935 7
2505 3880 2536 3934 a
2564 3883 2598 3935 9
2639 3881 2822 3934 francs
2849 3880 2880 3933 a

1179 3971 1353 4040 Paris,
1378 3972 1605 4041 pouvail
1629 3973 1746 4026 étre
1774 3970 2065 4040 reproduit
2092 3983 2237 4038 pour
2256 3972 2291 4025 2
2314 3970 2496 4023 francs
2519 3970 2551 4023 a
2570 3969 2875 4044 Brnxelles,

1777 4078 1783 4086 .
2641 4056 2716 4097 22'
