<?xml version="1.0" encoding="UTF-8"?>
<PcGts xmlns="http://schema.primaresearch.org/PAGE/gts/pagecontent/2013-07-15" xmlns:xsi="http://www.w3.org/2001/XMLSchema-instance" xsi:schemaLocation="http://schema.primaresearch.org/PAGE/gts/pagecontent/2013-07-15 http://schema.primaresearch.org/PAGE/gts/pagecontent/2013-07-15/pagecontent.xsd">
	<Metadata>
	<Creator></Creator>
	<Created>2016-08-04T14:56:26</Created>
	<LastChange>2016-08-04T14:56:26</LastChange></Metadata>
	<Page imageFilename="p345.png" imageWidth="4131" imageHeight="5847">
	<TextRegion id="r1" type="paragraph">
	<Coords points="2038,1100 2109,1100 2109,1101 2147,1101 2147,1130 2264,1130 2264,1139 2147,1139 2147,1153 2038,1153 2038,1138 1922,1138 1922,1130 2038,1130"/>
	<TextLine id="l2">
	<Coords points="2038,1100 2109,1100 2109,1101 2147,1101 2147,1130 2264,1130 2264,1139 2147,1139 2147,1153 2038,1153 2038,1138 1922,1138 1922,1130 2038,1130"/>
	<Word id="w3">
	<Coords points="2038,1100 2109,1100 2109,1101 2147,1101 2147,1130 2264,1130 2264,1139 2147,1139 2147,1153 2038,1153 2038,1138 1922,1138 1922,1130 2038,1130"/>
	<Glyph id="c4">
	<Coords points="1922,1130 1943,1130 1943,1138 1922,1138"/>
	<TextEquiv>
	<Unicode>—</Unicode></TextEquiv></Glyph>
	<Glyph id="c5">
	<Coords points="1941,1130 1954,1130 1954,1138 1941,1138"/>
	<TextEquiv>
	<Unicode>-</Unicode></TextEquiv></Glyph>
	<Glyph id="c6">
	<Coords points="1952,1130 1996,1130 1996,1138 1952,1138"/>
	<TextEquiv>
	<Unicode>—</Unicode></TextEquiv></Glyph>
	<Glyph id="c7">
	<Coords points="2038,1100 2071,1100 2071,1153 2038,1153"/>
	<TextEquiv>
	<Unicode>5</Unicode></TextEquiv></Glyph>
	<Glyph id="c8">
	<Coords points="2075,1100 2109,1100 2109,1153 2075,1153"/>
	<TextEquiv>
	<Unicode>4</Unicode></TextEquiv></Glyph>
	<Glyph id="c9">
	<Coords points="2116,1101 2147,1101 2147,1153 2116,1153"/>
	<TextEquiv>
	<Unicode>5</Unicode></TextEquiv></Glyph>
	<Glyph id="c10">
	<Coords points="2192,1130 2223,1130 2223,1139 2192,1139"/>
	<TextEquiv>
	<Unicode>—</Unicode></TextEquiv></Glyph>
	<Glyph id="c11">
	<Coords points="2221,1130 2245,1130 2245,1139 2221,1139"/>
	<TextEquiv>
	<Unicode>-</Unicode></TextEquiv></Glyph>
	<Glyph id="c12">
	<Coords points="2242,1130 2264,1130 2264,1139 2242,1139"/>
	<TextEquiv>
	<Unicode>—</Unicode></TextEquiv></Glyph>
	<TextEquiv>
	<Unicode>—-—545—-—</Unicode></TextEquiv></Word>
	<TextEquiv>
	<Unicode>—-—545—-—</Unicode></TextEquiv></TextLine>
	<TextEquiv>
	<Unicode>—-—545—-—</Unicode></TextEquiv></TextRegion>
	<TextRegion id="r13" type="paragraph">
	<Coords points="2000,1228 2147,1228 2147,1245 2255,1245 2255,1244 2284,1244 2284,1228 2300,1228 2300,1245 2474,1245 2474,1231 2490,1231 2490,1247 2565,1247 2565,1248 2919,1248 2919,1250 2950,1250 2950,1413 2951,1413 2951,1517 2952,1517 2952,1535 2981,1535 2981,1549 2952,1549 2952,1554 2946,1554 2946,1644 2615,1644 2615,1659 2579,1659 2579,1643 2521,1643 2521,1642 2489,1642 2489,1641 2335,1641 2335,1657 2299,1657 2299,1640 2194,1640 2194,1642 2164,1642 2164,1641 2037,1641 2037,1655 2018,1655 2018,1662 1987,1662 1987,1641 1710,1641 1710,1642 1543,1642 1543,1643 1373,1643 1373,1659 1336,1659 1336,1644 1303,1644 1303,1643 1246,1643 1246,1554 1245,1554 1245,1503 1246,1503 1246,1413 1247,1413 1247,1324 1268,1324 1268,1323 1322,1323 1322,1233 1343,1233 1343,1236 1361,1236 1361,1249 1546,1249 1546,1248 1574,1248 1574,1237 1596,1237 1596,1248 1716,1248 1716,1231 1732,1231 1732,1245 1946,1245 1946,1233 2000,1233"/>
	<TextLine id="l14">
	<Coords points="2000,1228 2147,1228 2147,1245 2255,1245 2255,1244 2284,1244 2284,1228 2300,1228 2300,1245 2474,1245 2474,1231 2490,1231 2490,1247 2565,1247 2565,1248 2919,1248 2919,1250 2950,1250 2950,1285 2919,1285 2919,1286 2800,1286 2800,1285 2670,1285 2670,1292 2635,1292 2635,1284 2474,1284 2474,1283 2336,1283 2336,1299 2303,1299 2303,1293 2284,1293 2284,1283 2095,1283 2095,1299 2058,1299 2058,1283 1830,1283 1830,1284 1670,1284 1670,1302 1634,1302 1634,1287 1346,1287 1346,1286 1322,1286 1322,1233 1343,1233 1343,1236 1361,1236 1361,1249 1546,1249 1546,1248 1574,1248 1574,1237 1596,1237 1596,1248 1716,1248 1716,1231 1732,1231 1732,1245 1946,1245 1946,1233 2000,1233"/>
	<Word id="w15">
	<Coords points="1322,1233 1343,1233 1343,1236 1361,1236 1361,1287 1346,1287 1346,1286 1322,1286"/>
	<Glyph id="c16">
	<Coords points="1322,1233 1343,1233 1343,1286 1322,1286"/>
	<TextEquiv>
	<Unicode>l</Unicode></TextEquiv></Glyph>
	<Glyph id="c17">
	<Coords points="1346,1236 1361,1236 1361,1287 1346,1287"/>
	<TextEquiv>
	<Unicode>l</Unicode></TextEquiv></Glyph>
	<TextEquiv>
	<Unicode>ll</Unicode></TextEquiv></Word>
	<Word id="w18">
	<Coords points="1403,1249 1432,1249 1432,1250 1472,1250 1472,1287 1403,1287"/>
	<Glyph id="c19">
	<Coords points="1403,1249 1432,1249 1432,1287 1403,1287"/>
	<TextEquiv>
	<Unicode>e</Unicode></TextEquiv></Glyph>
	<Glyph id="c20">
	<Coords points="1436,1250 1472,1250 1472,1287 1436,1287"/>
	<TextEquiv>
	<Unicode>n</Unicode></TextEquiv></Glyph>
	<TextEquiv>
	<Unicode>en</Unicode></TextEquiv></Word>
	<Word id="w21">
	<Coords points="1574,1237 1596,1237 1596,1285 1572,1285 1572,1286 1543,1286 1543,1287 1514,1287 1514,1249 1546,1249 1546,1248 1574,1248"/>
	<Glyph id="c22">
	<Coords points="1514,1249 1543,1249 1543,1287 1514,1287"/>
	<TextEquiv>
	<Unicode>e</Unicode></TextEquiv></Glyph>
	<Glyph id="c23">
	<Coords points="1546,1248 1572,1248 1572,1286 1546,1286"/>
	<TextEquiv>
	<Unicode>s</Unicode></TextEquiv></Glyph>
	<Glyph id="c24">
	<Coords points="1574,1237 1596,1237 1596,1285 1574,1285"/>
	<TextEquiv>
	<Unicode>t</Unicode></TextEquiv></Glyph>
	<TextEquiv>
	<Unicode>est</Unicode></TextEquiv></Word>
	<Word id="w25">
	<Coords points="1716,1231 1732,1231 1732,1284 1670,1284 1670,1302 1634,1302 1634,1248 1716,1248"/>
	<Glyph id="c26">
	<Coords points="1634,1248 1670,1248 1670,1302 1634,1302"/>
	<TextEquiv>
	<Unicode>q</Unicode></TextEquiv></Glyph>
	<Glyph id="c27">
	<Coords points="1675,1248 1712,1248 1712,1284 1675,1284"/>
	<TextEquiv>
	<Unicode>u</Unicode></TextEquiv></Glyph>
	<Glyph id="c28">
	<Coords points="1716,1231 1732,1231 1732,1284 1716,1284"/>
	<TextEquiv>
	<Unicode>i</Unicode></TextEquiv></Glyph>
	<TextEquiv>
	<Unicode>qui</Unicode></TextEquiv></Word>
	<Word id="w29">
	<Coords points="1946,1233 1967,1233 1967,1282 1941,1282 1941,1283 1830,1283 1830,1284 1799,1284 1799,1283 1771,1283 1771,1245 1946,1245"/>
	<Glyph id="c30">
	<Coords points="1771,1245 1797,1245 1797,1283 1771,1283"/>
	<TextEquiv>
	<Unicode>s</Unicode></TextEquiv></Glyph>
	<Glyph id="c31">
	<Coords points="1799,1246 1830,1246 1830,1284 1799,1284"/>
	<TextEquiv>
	<Unicode>a</Unicode></TextEquiv></Glyph>
	<Glyph id="c32">
	<Coords points="1833,1245 1869,1245 1869,1282 1833,1282"/>
	<TextEquiv>
	<Unicode>v</Unicode></TextEquiv></Glyph>
	<Glyph id="c33">
	<Coords points="1872,1246 1901,1246 1901,1283 1872,1283"/>
	<TextEquiv>
	<Unicode>e</Unicode></TextEquiv></Glyph>
	<Glyph id="c34">
	<Coords points="1905,1246 1941,1246 1941,1283 1905,1283"/>
	<TextEquiv>
	<Unicode>n</Unicode></TextEquiv></Glyph>
	<Glyph id="c35">
	<Coords points="1946,1233 1967,1233 1967,1282 1946,1282"/>
	<TextEquiv>
	<Unicode>t</Unicode></TextEquiv></Glyph>
	<TextEquiv>
	<Unicode>savent</Unicode></TextEquiv></Word>
	<Word id="w36">
	<Coords points="2000,1228 2033,1228 2033,1283 2000,1283"/>
	<Glyph id="c37">
	<Coords points="2000,1228 2033,1228 2033,1283 2000,1283"/>
	<TextEquiv>
	<Unicode>a</Unicode></TextEquiv></Glyph>
	<TextEquiv>
	<Unicode>a</Unicode></TextEquiv></Word>
	<Word id="w38">
	<Coords points="2131,1228 2147,1228 2147,1245 2221,1245 2221,1283 2095,1283 2095,1299 2058,1299 2058,1246 2097,1246 2097,1245 2131,1245"/>
	<Glyph id="c39">
	<Coords points="2058,1246 2095,1246 2095,1299 2058,1299"/>
	<TextEquiv>
	<Unicode>p</Unicode></TextEquiv></Glyph>
	<Glyph id="c40">
	<Coords points="2097,1245 2127,1245 2127,1282 2097,1282"/>
	<TextEquiv>
	<Unicode>e</Unicode></TextEquiv></Glyph>
	<Glyph id="c41">
	<Coords points="2131,1228 2147,1228 2147,1281 2131,1281"/>
	<TextEquiv>
	<Unicode>i</Unicode></TextEquiv></Glyph>
	<Glyph id="c42">
	<Coords points="2151,1246 2187,1246 2187,1283 2151,1283"/>
	<TextEquiv>
	<Unicode>n</Unicode></TextEquiv></Glyph>
	<Glyph id="c43">
	<Coords points="2190,1245 2221,1245 2221,1283 2190,1283"/>
	<TextEquiv>
	<Unicode>e</Unicode></TextEquiv></Glyph>
	<TextEquiv>
	<Unicode>peine</Unicode></TextEquiv></Word>
	<Word id="w44">
	<Coords points="2284,1228 2300,1228 2300,1245 2407,1245 2407,1247 2439,1247 2439,1283 2336,1283 2336,1299 2303,1299 2303,1293 2284,1293 2284,1283 2255,1283 2255,1244 2284,1244"/>
	<Glyph id="c45">
	<Coords points="2255,1244 2281,1244 2281,1283 2255,1283"/>
	<TextEquiv>
	<Unicode>s</Unicode></TextEquiv></Glyph>
	<Glyph id="c46">
	<Coords points="2284,1228 2300,1228 2300,1293 2284,1293"/>
	<TextEquiv>
	<Unicode>i</Unicode></TextEquiv></Glyph>
	<Glyph id="c47">
	<Coords points="2303,1247 2336,1247 2336,1299 2303,1299"/>
	<TextEquiv>
	<Unicode>g</Unicode></TextEquiv></Glyph>
	<Glyph id="c48">
	<Coords points="2339,1246 2375,1246 2375,1283 2339,1283"/>
	<TextEquiv>
	<Unicode>n</Unicode></TextEquiv></Glyph>
	<Glyph id="c49">
	<Coords points="2378,1245 2407,1245 2407,1283 2378,1283"/>
	<TextEquiv>
	<Unicode>e</Unicode></TextEquiv></Glyph>
	<Glyph id="c50">
	<Coords points="2411,1247 2439,1247 2439,1283 2411,1283"/>
	<TextEquiv>
	<Unicode>r</Unicode></TextEquiv></Glyph>
	<TextEquiv>
	<Unicode>signer</Unicode></TextEquiv></Word>
	<Word id="w51">
	<Coords points="2474,1231 2490,1231 2490,1247 2565,1247 2565,1248 2598,1248 2598,1284 2474,1284"/>
	<Glyph id="c52">
	<Coords points="2474,1231 2490,1231 2490,1284 2474,1284"/>
	<TextEquiv>
	<Unicode>l</Unicode></TextEquiv></Glyph>
	<Glyph id="c53">
	<Coords points="2496,1247 2525,1247 2525,1284 2496,1284"/>
	<TextEquiv>
	<Unicode>e</Unicode></TextEquiv></Glyph>
	<Glyph id="c54">
	<Coords points="2528,1247 2565,1247 2565,1284 2528,1284"/>
	<TextEquiv>
	<Unicode>u</Unicode></TextEquiv></Glyph>
	<Glyph id="c55">
	<Coords points="2569,1248 2598,1248 2598,1284 2569,1284"/>
	<TextEquiv>
	<Unicode>r</Unicode></TextEquiv></Glyph>
	<TextEquiv>
	<Unicode>leur</Unicode></TextEquiv></Word>
	<Word id="w56">
	<Coords points="2635,1248 2762,1248 2762,1285 2670,1285 2670,1292 2635,1292"/>
	<Glyph id="c57">
	<Coords points="2635,1248 2670,1248 2670,1292 2635,1292"/>
	<TextEquiv>
	<Unicode>n</Unicode></TextEquiv></Glyph>
	<Glyph id="c58">
	<Coords points="2673,1248 2705,1248 2705,1285 2673,1285"/>
	<TextEquiv>
	<Unicode>o</Unicode></TextEquiv></Glyph>
	<Glyph id="c59">
	<Coords points="2709,1248 2762,1248 2762,1285 2709,1285"/>
	<TextEquiv>
	<Unicode>m</Unicode></TextEquiv></Glyph>
	<TextEquiv>
	<Unicode>nom</Unicode></TextEquiv></Word>
	<Word id="w60">
	<Coords points="2800,1248 2919,1248 2919,1250 2950,1250 2950,1285 2919,1285 2919,1286 2800,1286"/>
	<Glyph id="c61">
	<Coords points="2800,1248 2830,1248 2830,1286 2800,1286"/>
	<TextEquiv>
	<Unicode>a</Unicode></TextEquiv></Glyph>
	<Glyph id="c62">
	<Coords points="2834,1249 2859,1249 2859,1286 2834,1286"/>
	<TextEquiv>
	<Unicode>s</Unicode></TextEquiv></Glyph>
	<Glyph id="c63">
	<Coords points="2860,1248 2885,1248 2885,1286 2860,1286"/>
	<TextEquiv>
	<Unicode>s</Unicode></TextEquiv></Glyph>
	<Glyph id="c64">
	<Coords points="2889,1248 2919,1248 2919,1286 2889,1286"/>
	<TextEquiv>
	<Unicode>e</Unicode></TextEquiv></Glyph>
	<Glyph id="c65">
	<Coords points="2920,1250 2950,1250 2950,1285 2920,1285"/>
	<TextEquiv>
	<Unicode>z</Unicode></TextEquiv></Glyph>
	<TextEquiv>
	<Unicode>assez</Unicode></TextEquiv></Word>
	<TextEquiv>
	<Unicode>ll en est qui savent a peine signer leur nom assez</Unicode></TextEquiv></TextLine>
	<TextLine id="l66">
	<Coords points="2472,1306 2511,1306 2511,1336 2542,1336 2542,1337 2616,1337 2616,1338 2718,1338 2718,1322 2735,1322 2735,1339 2885,1339 2885,1340 2925,1340 2925,1353 2950,1353 2950,1363 2925,1363 2925,1377 2791,1377 2791,1392 2778,1392 2778,1376 2621,1376 2621,1374 2511,1374 2511,1375 2472,1375 2472,1374 2350,1374 2350,1373 1931,1373 1931,1374 1712,1374 1712,1375 1671,1375 1671,1376 1637,1376 1637,1391 1602,1391 1602,1375 1480,1375 1480,1376 1422,1376 1422,1377 1393,1377 1393,1376 1247,1376 1247,1324 1268,1324 1268,1323 1390,1323 1390,1338 1556,1338 1556,1325 1579,1325 1579,1338 1771,1338 1771,1321 1808,1321 1808,1336 1974,1336 1974,1319 2011,1319 2011,1323 2120,1323 2120,1334 2244,1334 2244,1320 2260,1320 2260,1335 2472,1335"/>
	<Word id="w67">
	<Coords points="1268,1323 1390,1323 1390,1338 1556,1338 1556,1325 1579,1325 1579,1375 1480,1375 1480,1376 1422,1376 1422,1377 1393,1377 1393,1376 1247,1376 1247,1324 1268,1324"/>
	<Glyph id="c68">
	<Coords points="1247,1324 1262,1324 1262,1376 1247,1376"/>
	<TextEquiv>
	<Unicode>l</Unicode></TextEquiv></Glyph>
	<Glyph id="c69">
	<Coords points="1268,1323 1281,1323 1281,1375 1268,1375"/>
	<TextEquiv>
	<Unicode>i</Unicode></TextEquiv></Glyph>
	<Glyph id="c70">
	<Coords points="1287,1339 1311,1339 1311,1376 1287,1376"/>
	<TextEquiv>
	<Unicode>s</Unicode></TextEquiv></Glyph>
	<Glyph id="c71">
	<Coords points="1315,1323 1329,1323 1329,1375 1315,1375"/>
	<TextEquiv>
	<Unicode>i</Unicode></TextEquiv></Glyph>
	<Glyph id="c72">
	<Coords points="1334,1323 1371,1323 1371,1376 1334,1376"/>
	<TextEquiv>
	<Unicode>b</Unicode></TextEquiv></Glyph>
	<Glyph id="c73">
	<Coords points="1374,1323 1390,1323 1390,1376 1374,1376"/>
	<TextEquiv>
	<Unicode>l</Unicode></TextEquiv></Glyph>
	<Glyph id="c74">
	<Coords points="1393,1340 1422,1340 1422,1377 1393,1377"/>
	<TextEquiv>
	<Unicode>e</Unicode></TextEquiv></Glyph>
	<Glyph id="c75">
	<Coords points="1426,1338 1480,1338 1480,1376 1426,1376"/>
	<TextEquiv>
	<Unicode>m</Unicode></TextEquiv></Glyph>
	<Glyph id="c76">
	<Coords points="1484,1338 1514,1338 1514,1375 1484,1375"/>
	<TextEquiv>
	<Unicode>e</Unicode></TextEquiv></Glyph>
	<Glyph id="c77">
	<Coords points="1517,1339 1552,1339 1552,1375 1517,1375"/>
	<TextEquiv>
	<Unicode>n</Unicode></TextEquiv></Glyph>
	<Glyph id="c78">
	<Coords points="1556,1325 1579,1325 1579,1375 1556,1375"/>
	<TextEquiv>
	<Unicode>t</Unicode></TextEquiv></Glyph>
	<TextEquiv>
	<Unicode>lisiblement</Unicode></TextEquiv></Word>
	<Word id="w79">
	<Coords points="1639,1338 1746,1338 1746,1374 1712,1374 1712,1375 1671,1375 1671,1376 1637,1376 1637,1391 1602,1391 1602,1339 1639,1339"/>
	<Glyph id="c80">
	<Coords points="1602,1339 1637,1339 1637,1391 1602,1391"/>
	<TextEquiv>
	<Unicode>p</Unicode></TextEquiv></Glyph>
	<Glyph id="c81">
	<Coords points="1639,1338 1671,1338 1671,1376 1639,1376"/>
	<TextEquiv>
	<Unicode>o</Unicode></TextEquiv></Glyph>
	<Glyph id="c82">
	<Coords points="1674,1338 1712,1338 1712,1375 1674,1375"/>
	<TextEquiv>
	<Unicode>u</Unicode></TextEquiv></Glyph>
	<Glyph id="c83">
	<Coords points="1718,1338 1746,1338 1746,1374 1718,1374"/>
	<TextEquiv>
	<Unicode>r</Unicode></TextEquiv></Glyph>
	<TextEquiv>
	<Unicode>pour</Unicode></TextEquiv></Word>
	<Word id="w84">
	<Coords points="1974,1319 2011,1319 2011,1335 2076,1335 2076,1372 2044,1372 2044,1373 1931,1373 1931,1374 1771,1374 1771,1321 1808,1321 1808,1336 1974,1336"/>
	<Glyph id="c85">
	<Coords points="1771,1321 1808,1321 1808,1374 1771,1374"/>
	<TextEquiv>
	<Unicode>d</Unicode></TextEquiv></Glyph>
	<Glyph id="c86">
	<Coords points="1811,1337 1841,1337 1841,1374 1811,1374"/>
	<TextEquiv>
	<Unicode>e</Unicode></TextEquiv></Glyph>
	<Glyph id="c87">
	<Coords points="1844,1336 1898,1336 1898,1373 1844,1373"/>
	<TextEquiv>
	<Unicode>m</Unicode></TextEquiv></Glyph>
	<Glyph id="c88">
	<Coords points="1900,1336 1931,1336 1931,1374 1900,1374"/>
	<TextEquiv>
	<Unicode>a</Unicode></TextEquiv></Glyph>
	<Glyph id="c89">
	<Coords points="1935,1336 1971,1336 1971,1373 1935,1373"/>
	<TextEquiv>
	<Unicode>n</Unicode></TextEquiv></Glyph>
	<Glyph id="c90">
	<Coords points="1974,1319 2011,1319 2011,1373 1974,1373"/>
	<TextEquiv>
	<Unicode>d</Unicode></TextEquiv></Glyph>
	<Glyph id="c91">
	<Coords points="2014,1336 2044,1336 2044,1373 2014,1373"/>
	<TextEquiv>
	<Unicode>e</Unicode></TextEquiv></Glyph>
	<Glyph id="c92">
	<Coords points="2047,1335 2076,1335 2076,1372 2047,1372"/>
	<TextEquiv>
	<Unicode>r</Unicode></TextEquiv></Glyph>
	<TextEquiv>
	<Unicode>demander</Unicode></TextEquiv></Word>
	<Word id="w93">
	<Coords points="2097,1323 2120,1323 2120,1334 2153,1334 2153,1335 2224,1335 2224,1373 2097,1373"/>
	<Glyph id="c94">
	<Coords points="2097,1323 2120,1323 2120,1373 2097,1373"/>
	<TextEquiv>
	<Unicode>t</Unicode></TextEquiv></Glyph>
	<Glyph id="c95">
	<Coords points="2121,1334 2153,1334 2153,1372 2121,1372"/>
	<TextEquiv>
	<Unicode>o</Unicode></TextEquiv></Glyph>
	<Glyph id="c96">
	<Coords points="2157,1336 2195,1336 2195,1373 2157,1373"/>
	<TextEquiv>
	<Unicode>u</Unicode></TextEquiv></Glyph>
	<Glyph id="c97">
	<Coords points="2199,1335 2224,1335 2224,1373 2199,1373"/>
	<TextEquiv>
	<Unicode>s</Unicode></TextEquiv></Glyph>
	<TextEquiv>
	<Unicode>tous</Unicode></TextEquiv></Word>
	<Word id="w98">
	<Coords points="2244,1320 2260,1320 2260,1335 2323,1335 2323,1373 2244,1373"/>
	<Glyph id="c99">
	<Coords points="2244,1320 2260,1320 2260,1373 2244,1373"/>
	<TextEquiv>
	<Unicode>l</Unicode></TextEquiv></Glyph>
	<Glyph id="c100">
	<Coords points="2264,1336 2294,1336 2294,1373 2264,1373"/>
	<TextEquiv>
	<Unicode>e</Unicode></TextEquiv></Glyph>
	<Glyph id="c101">
	<Coords points="2297,1335 2323,1335 2323,1373 2297,1373"/>
	<TextEquiv>
	<Unicode>s</Unicode></TextEquiv></Glyph>
	<TextEquiv>
	<Unicode>les</Unicode></TextEquiv></Word>
	<Word id="w102">
	<Coords points="2350,1335 2381,1335 2381,1336 2450,1336 2450,1374 2350,1374"/>
	<Glyph id="c103">
	<Coords points="2350,1335 2381,1335 2381,1374 2350,1374"/>
	<TextEquiv>
	<Unicode>a</Unicode></TextEquiv></Glyph>
	<Glyph id="c104">
	<Coords points="2385,1337 2420,1337 2420,1373 2385,1373"/>
	<TextEquiv>
	<Unicode>n</Unicode></TextEquiv></Glyph>
	<Glyph id="c105">
	<Coords points="2424,1336 2450,1336 2450,1374 2424,1374"/>
	<TextEquiv>
	<Unicode>s</Unicode></TextEquiv></Glyph>
	<TextEquiv>
	<Unicode>ans</Unicode></TextEquiv></Word>
	<Word id="w106">
	<Coords points="2472,1306 2511,1306 2511,1336 2542,1336 2542,1337 2570,1337 2570,1374 2511,1374 2511,1375 2472,1375"/>
	<Glyph id="c107">
	<Coords points="2472,1306 2511,1306 2511,1375 2472,1375"/>
	<TextEquiv>
	<Unicode>d</Unicode></TextEquiv></Glyph>
	<Glyph id="c108">
	<Coords points="2512,1336 2542,1336 2542,1374 2512,1374"/>
	<TextEquiv>
	<Unicode>e</Unicode></TextEquiv></Glyph>
	<Glyph id="c109">
	<Coords points="2544,1337 2570,1337 2570,1374 2544,1374"/>
	<TextEquiv>
	<Unicode>s</Unicode></TextEquiv></Glyph>
	<TextEquiv>
	<Unicode>des</Unicode></TextEquiv></Word>
	<Word id="w110">
	<Coords points="2718,1322 2735,1322 2735,1339 2765,1339 2765,1364 2791,1364 2791,1392 2778,1392 2778,1376 2621,1376 2621,1374 2590,1374 2590,1337 2616,1337 2616,1338 2718,1338"/>
	<Glyph id="c111">
	<Coords points="2590,1337 2616,1337 2616,1374 2590,1374"/>
	<TextEquiv>
	<Unicode>s</Unicode></TextEquiv></Glyph>
	<Glyph id="c112">
	<Coords points="2621,1338 2653,1338 2653,1376 2621,1376"/>
	<TextEquiv>
	<Unicode>u</Unicode></TextEquiv></Glyph>
	<Glyph id="c113">
	<Coords points="2661,1338 2689,1338 2689,1374 2661,1374"/>
	<TextEquiv>
	<Unicode>r</Unicode></TextEquiv></Glyph>
	<Glyph id="c114">
	<Coords points="2691,1338 2715,1338 2715,1375 2691,1375"/>
	<TextEquiv>
	<Unicode>s</Unicode></TextEquiv></Glyph>
	<Glyph id="c115">
	<Coords points="2718,1322 2735,1322 2735,1376 2718,1376"/>
	<TextEquiv>
	<Unicode>i</Unicode></TextEquiv></Glyph>
	<Glyph id="c116">
	<Coords points="2739,1339 2765,1339 2765,1376 2739,1376"/>
	<TextEquiv>
	<Unicode>s</Unicode></TextEquiv></Glyph>
	<Glyph id="c117">
	<Coords points="2778,1364 2791,1364 2791,1392 2778,1392"/>
	<TextEquiv>
	<Unicode>,</Unicode></TextEquiv></Glyph>
	<TextEquiv>
	<Unicode>sursis,</Unicode></TextEquiv></Word>
	<Word id="w118">
	<Coords points="2816,1339 2885,1339 2885,1340 2925,1340 2925,1353 2950,1353 2950,1363 2925,1363 2925,1377 2888,1377 2888,1376 2855,1376 2855,1374 2816,1374"/>
	<Glyph id="c119">
	<Coords points="2816,1339 2852,1339 2852,1374 2816,1374"/>
	<TextEquiv>
	<Unicode>v</Unicode></TextEquiv></Glyph>
	<Glyph id="c120">
	<Coords points="2855,1339 2885,1339 2885,1376 2855,1376"/>
	<TextEquiv>
	<Unicode>e</Unicode></TextEquiv></Glyph>
	<Glyph id="c121">
	<Coords points="2888,1340 2925,1340 2925,1377 2888,1377"/>
	<TextEquiv>
	<Unicode>n</Unicode></TextEquiv></Glyph>
	<Glyph id="c122">
	<Coords points="2926,1353 2950,1353 2950,1363 2926,1363"/>
	<TextEquiv>
	<Unicode>-</Unicode></TextEquiv></Glyph>
	<TextEquiv>
	<Unicode>ven-</Unicode></TextEquiv></Word>
	<TextEquiv>
	<Unicode>lisiblement pour demander tous les ans des sursis, ven-</Unicode></TextEquiv></TextLine>
	<TextLine id="l123">
	<Coords points="2058,1408 2074,1408 2074,1425 2108,1425 2108,1426 2213,1426 2213,1412 2235,1412 2235,1425 2460,1425 2460,1413 2480,1413 2480,1414 2596,1414 2596,1412 2612,1412 2612,1428 2740,1428 2740,1412 2765,1412 2765,1413 2951,1413 2951,1467 2919,1467 2919,1466 2760,1466 2760,1465 2649,1465 2649,1464 2508,1464 2508,1463 2187,1463 2187,1479 2173,1479 2173,1463 1887,1463 1887,1464 1670,1464 1670,1465 1547,1465 1547,1481 1445,1481 1445,1466 1246,1466 1246,1413 1392,1413 1392,1428 1599,1428 1599,1412 1636,1412 1636,1413 1704,1413 1704,1427 1811,1427 1811,1425 1919,1425 1919,1409 1948,1409 1948,1424 2058,1424"/>
	<Word id="w124">
	<Coords points="1246,1413 1283,1413 1283,1428 1347,1428 1347,1466 1246,1466"/>
	<Glyph id="c125">
	<Coords points="1246,1413 1283,1413 1283,1466 1246,1466"/>
	<TextEquiv>
	<Unicode>d</Unicode></TextEquiv></Glyph>
	<Glyph id="c126">
	<Coords points="1287,1430 1315,1430 1315,1466 1287,1466"/>
	<TextEquiv>
	<Unicode>r</Unicode></TextEquiv></Glyph>
	<Glyph id="c127">
	<Coords points="1317,1428 1347,1428 1347,1466 1317,1466"/>
	<TextEquiv>
	<Unicode>e</Unicode></TextEquiv></Glyph>
	<TextEquiv>
	<Unicode>dre</Unicode></TextEquiv></Word>
	<Word id="w128">
	<Coords points="1377,1413 1392,1413 1392,1428 1426,1428 1426,1465 1377,1465"/>
	<Glyph id="c129">
	<Coords points="1377,1413 1392,1413 1392,1465 1377,1465"/>
	<TextEquiv>
	<Unicode>l</Unicode></TextEquiv></Glyph>
	<Glyph id="c130">
	<Coords points="1397,1428 1426,1428 1426,1465 1397,1465"/>
	<TextEquiv>
	<Unicode>e</Unicode></TextEquiv></Glyph>
	<TextEquiv>
	<Unicode>le</Unicode></TextEquiv></Word>
	<Word id="w131">
	<Coords points="1445,1428 1579,1428 1579,1465 1547,1465 1547,1481 1445,1481"/>
	<Glyph id="c132">
	<Coords points="1445,1428 1480,1428 1480,1481 1445,1481"/>
	<TextEquiv>
	<Unicode>g</Unicode></TextEquiv></Glyph>
	<Glyph id="c133">
	<Coords points="1481,1428 1511,1428 1511,1465 1481,1465"/>
	<TextEquiv>
	<Unicode>a</Unicode></TextEquiv></Glyph>
	<Glyph id="c134">
	<Coords points="1513,1428 1547,1428 1547,1481 1513,1481"/>
	<TextEquiv>
	<Unicode>g</Unicode></TextEquiv></Glyph>
	<Glyph id="c135">
	<Coords points="1549,1428 1579,1428 1579,1465 1549,1465"/>
	<TextEquiv>
	<Unicode>e</Unicode></TextEquiv></Glyph>
	<TextEquiv>
	<Unicode>gage</Unicode></TextEquiv></Word>
	<Word id="w136">
	<Coords points="1599,1412 1636,1412 1636,1428 1670,1428 1670,1465 1599,1465"/>
	<Glyph id="c137">
	<Coords points="1599,1412 1636,1412 1636,1465 1599,1465"/>
	<TextEquiv>
	<Unicode>d</Unicode></TextEquiv></Glyph>
	<Glyph id="c138">
	<Coords points="1639,1428 1670,1428 1670,1465 1639,1465"/>
	<TextEquiv>
	<Unicode>e</Unicode></TextEquiv></Glyph>
	<TextEquiv>
	<Unicode>de</Unicode></TextEquiv></Word>
	<Word id="w139">
	<Coords points="1687,1413 1704,1413 1704,1427 1811,1427 1811,1425 1837,1425 1837,1463 1777,1463 1777,1464 1687,1464"/>
	<Glyph id="c140">
	<Coords points="1687,1413 1704,1413 1704,1464 1687,1464"/>
	<TextEquiv>
	<Unicode>l</Unicode></TextEquiv></Glyph>
	<Glyph id="c141">
	<Coords points="1707,1428 1736,1428 1736,1464 1707,1464"/>
	<TextEquiv>
	<Unicode>e</Unicode></TextEquiv></Glyph>
	<Glyph id="c142">
	<Coords points="1739,1427 1777,1427 1777,1464 1739,1464"/>
	<TextEquiv>
	<Unicode>u</Unicode></TextEquiv></Glyph>
	<Glyph id="c143">
	<Coords points="1782,1427 1810,1427 1810,1463 1782,1463"/>
	<TextEquiv>
	<Unicode>r</Unicode></TextEquiv></Glyph>
	<Glyph id="c144">
	<Coords points="1811,1425 1837,1425 1837,1463 1811,1463"/>
	<TextEquiv>
	<Unicode>s</Unicode></TextEquiv></Glyph>
	<TextEquiv>
	<Unicode>leurs</Unicode></TextEquiv></Word>
	<Word id="w145">
	<Coords points="2058,1408 2074,1408 2074,1425 2108,1425 2108,1426 2166,1426 2166,1451 2187,1451 2187,1479 2173,1479 2173,1463 1887,1463 1887,1464 1857,1464 1857,1426 1919,1426 1919,1409 1948,1409 1948,1424 2058,1424"/>
	<Glyph id="c146">
	<Coords points="1857,1426 1887,1426 1887,1464 1857,1464"/>
	<TextEquiv>
	<Unicode>c</Unicode></TextEquiv></Glyph>
	<Glyph id="c147">
	<Coords points="1888,1426 1917,1426 1917,1463 1888,1463"/>
	<TextEquiv>
	<Unicode>r</Unicode></TextEquiv></Glyph>
	<Glyph id="c148">
	<Coords points="1919,1409 1948,1409 1948,1463 1919,1463"/>
	<TextEquiv>
	<Unicode>é</Unicode></TextEquiv></Glyph>
	<Glyph id="c149">
	<Coords points="1950,1426 1981,1426 1981,1463 1950,1463"/>
	<TextEquiv>
	<Unicode>a</Unicode></TextEquiv></Glyph>
	<Glyph id="c150">
	<Coords points="1985,1426 2021,1426 2021,1463 1985,1463"/>
	<TextEquiv>
	<Unicode>n</Unicode></TextEquiv></Glyph>
	<Glyph id="c151">
	<Coords points="2024,1424 2054,1424 2054,1462 2024,1462"/>
	<TextEquiv>
	<Unicode>c</Unicode></TextEquiv></Glyph>
	<Glyph id="c152">
	<Coords points="2058,1408 2074,1408 2074,1462 2058,1462"/>
	<TextEquiv>
	<Unicode>i</Unicode></TextEquiv></Glyph>
	<Glyph id="c153">
	<Coords points="2078,1425 2108,1425 2108,1463 2078,1463"/>
	<TextEquiv>
	<Unicode>e</Unicode></TextEquiv></Glyph>
	<Glyph id="c154">
	<Coords points="2111,1427 2139,1427 2139,1463 2111,1463"/>
	<TextEquiv>
	<Unicode>r</Unicode></TextEquiv></Glyph>
	<Glyph id="c155">
	<Coords points="2140,1426 2166,1426 2166,1463 2140,1463"/>
	<TextEquiv>
	<Unicode>s</Unicode></TextEquiv></Glyph>
	<Glyph id="c156">
	<Coords points="2173,1451 2187,1451 2187,1479 2173,1479"/>
	<TextEquiv>
	<Unicode>,</Unicode></TextEquiv></Glyph>
	<TextEquiv>
	<Unicode>créanciers,</Unicode></TextEquiv></Word>
	<Word id="w157">
	<Coords points="2213,1412 2235,1412 2235,1425 2460,1425 2460,1413 2480,1413 2480,1414 2505,1414 2505,1425 2568,1425 2568,1463 2536,1463 2536,1464 2508,1464 2508,1463 2213,1463"/>
	<Glyph id="c158">
	<Coords points="2213,1412 2235,1412 2235,1463 2213,1463"/>
	<TextEquiv>
	<Unicode>t</Unicode></TextEquiv></Glyph>
	<Glyph id="c159">
	<Coords points="2238,1425 2266,1425 2266,1463 2238,1463"/>
	<TextEquiv>
	<Unicode>r</Unicode></TextEquiv></Glyph>
	<Glyph id="c160">
	<Coords points="2267,1425 2298,1425 2298,1463 2267,1463"/>
	<TextEquiv>
	<Unicode>a</Unicode></TextEquiv></Glyph>
	<Glyph id="c161">
	<Coords points="2302,1426 2339,1426 2339,1463 2302,1463"/>
	<TextEquiv>
	<Unicode>n</Unicode></TextEquiv></Glyph>
	<Glyph id="c162">
	<Coords points="2341,1425 2366,1425 2366,1463 2341,1463"/>
	<TextEquiv>
	<Unicode>s</Unicode></TextEquiv></Glyph>
	<Glyph id="c163">
	<Coords points="2369,1425 2424,1425 2424,1463 2369,1463"/>
	<TextEquiv>
	<Unicode>m</Unicode></TextEquiv></Glyph>
	<Glyph id="c164">
	<Coords points="2427,1425 2456,1425 2456,1463 2427,1463"/>
	<TextEquiv>
	<Unicode>e</Unicode></TextEquiv></Glyph>
	<Glyph id="c165">
	<Coords points="2460,1413 2480,1413 2480,1463 2460,1463"/>
	<TextEquiv>
	<Unicode>t</Unicode></TextEquiv></Glyph>
	<Glyph id="c166">
	<Coords points="2483,1414 2505,1414 2505,1463 2483,1463"/>
	<TextEquiv>
	<Unicode>t</Unicode></TextEquiv></Glyph>
	<Glyph id="c167">
	<Coords points="2508,1426 2536,1426 2536,1464 2508,1464"/>
	<TextEquiv>
	<Unicode>r</Unicode></TextEquiv></Glyph>
	<Glyph id="c168">
	<Coords points="2539,1425 2568,1425 2568,1463 2539,1463"/>
	<TextEquiv>
	<Unicode>e</Unicode></TextEquiv></Glyph>
	<TextEquiv>
	<Unicode>transmettre</Unicode></TextEquiv></Word>
	<Word id="w169">
	<Coords points="2596,1412 2612,1412 2612,1428 2718,1428 2718,1464 2686,1464 2686,1465 2649,1465 2649,1464 2596,1464"/>
	<Glyph id="c170">
	<Coords points="2596,1412 2612,1412 2612,1464 2596,1464"/>
	<TextEquiv>
	<Unicode>l</Unicode></TextEquiv></Glyph>
	<Glyph id="c171">
	<Coords points="2615,1428 2645,1428 2645,1464 2615,1464"/>
	<TextEquiv>
	<Unicode>e</Unicode></TextEquiv></Glyph>
	<Glyph id="c172">
	<Coords points="2649,1428 2686,1428 2686,1465 2649,1465"/>
	<TextEquiv>
	<Unicode>u</Unicode></TextEquiv></Glyph>
	<Glyph id="c173">
	<Coords points="2690,1428 2718,1428 2718,1464 2690,1464"/>
	<TextEquiv>
	<Unicode>r</Unicode></TextEquiv></Glyph>
	<TextEquiv>
	<Unicode>leur</Unicode></TextEquiv></Word>
	<Word id="w174">
	<Coords points="2740,1412 2765,1412 2765,1413 2872,1413 2872,1428 2900,1428 2900,1466 2760,1466 2760,1464 2740,1464"/>
	<Glyph id="c175">
	<Coords points="2740,1412 2765,1412 2765,1464 2740,1464"/>
	<TextEquiv>
	<Unicode>f</Unicode></TextEquiv></Glyph>
	<Glyph id="c176">
	<Coords points="2760,1428 2793,1428 2793,1466 2760,1466"/>
	<TextEquiv>
	<Unicode>o</Unicode></TextEquiv></Glyph>
	<Glyph id="c177">
	<Coords points="2796,1429 2832,1429 2832,1465 2796,1465"/>
	<TextEquiv>
	<Unicode>n</Unicode></TextEquiv></Glyph>
	<Glyph id="c178">
	<Coords points="2834,1413 2872,1413 2872,1465 2834,1465"/>
	<TextEquiv>
	<Unicode>d</Unicode></TextEquiv></Glyph>
	<Glyph id="c179">
	<Coords points="2874,1428 2900,1428 2900,1466 2874,1466"/>
	<TextEquiv>
	<Unicode>s</Unicode></TextEquiv></Glyph>
	<TextEquiv>
	<Unicode>fonds</Unicode></TextEquiv></Word>
	<Word id="w180">
	<Coords points="2919,1413 2951,1413 2951,1467 2919,1467"/>
	<Glyph id="c181">
	<Coords points="2919,1413 2951,1413 2951,1467 2919,1467"/>
	<TextEquiv>
	<Unicode>a</Unicode></TextEquiv></Glyph>
	<TextEquiv>
	<Unicode>a</Unicode></TextEquiv></Word>
	<TextEquiv>
	<Unicode>dre le gage de leurs créanciers, transmettre leur fonds a</Unicode></TextEquiv></TextLine>
	<TextLine id="l182">
	<Coords points="1979,1498 1995,1498 1995,1500 2015,1500 2015,1514 2049,1514 2049,1515 2277,1515 2277,1514 2349,1514 2349,1499 2386,1499 2386,1500 2493,1500 2493,1514 2608,1514 2608,1501 2681,1501 2681,1500 2697,1500 2697,1516 2730,1516 2730,1517 2844,1517 2844,1504 2866,1504 2866,1517 2952,1517 2952,1535 2981,1535 2981,1549 2952,1549 2952,1554 2574,1554 2574,1553 2349,1553 2349,1552 2243,1552 2243,1568 2103,1568 2103,1553 2018,1553 2018,1552 1879,1552 1879,1553 1699,1553 1699,1554 1637,1554 1637,1570 1504,1570 1504,1571 1489,1571 1489,1554 1336,1554 1336,1555 1299,1555 1299,1554 1245,1554 1245,1503 1262,1503 1262,1517 1390,1517 1390,1502 1426,1502 1426,1503 1528,1503 1528,1500 1565,1500 1565,1502 1599,1502 1599,1516 1789,1516 1789,1501 1806,1501 1806,1514 1939,1514 1939,1499 1979,1499"/>
	<Word id="w183">
	<Coords points="1245,1503 1262,1503 1262,1517 1336,1517 1336,1518 1369,1518 1369,1554 1336,1554 1336,1555 1299,1555 1299,1554 1245,1554"/>
	<Glyph id="c184">
	<Coords points="1245,1503 1262,1503 1262,1554 1245,1554"/>
	<TextEquiv>
	<Unicode>l</Unicode></TextEquiv></Glyph>
	<Glyph id="c185">
	<Coords points="1267,1518 1296,1518 1296,1554 1267,1554"/>
	<TextEquiv>
	<Unicode>e</Unicode></TextEquiv></Glyph>
	<Glyph id="c186">
	<Coords points="1299,1517 1336,1517 1336,1555 1299,1555"/>
	<TextEquiv>
	<Unicode>u</Unicode></TextEquiv></Glyph>
	<Glyph id="c187">
	<Coords points="1341,1518 1369,1518 1369,1554 1341,1554"/>
	<TextEquiv>
	<Unicode>r</Unicode></TextEquiv></Glyph>
	<TextEquiv>
	<Unicode>leur</Unicode></TextEquiv></Word>
	<Word id="w188">
	<Coords points="1390,1502 1426,1502 1426,1503 1444,1503 1444,1517 1475,1517 1475,1554 1390,1554"/>
	<Glyph id="c189">
	<Coords points="1390,1502 1426,1502 1426,1554 1390,1554"/>
	<TextEquiv>
	<Unicode>ﬁ</Unicode></TextEquiv></Glyph>
	<Glyph id="c190">
	<Coords points="1430,1503 1444,1503 1444,1554 1430,1554"/>
	<TextEquiv>
	<Unicode>l</Unicode></TextEquiv></Glyph>
	<Glyph id="c191">
	<Coords points="1449,1517 1475,1517 1475,1554 1449,1554"/>
	<TextEquiv>
	<Unicode>s</Unicode></TextEquiv></Glyph>
	<TextEquiv>
	<Unicode>ﬁls</Unicode></TextEquiv></Word>
	<Word id="w192">
	<Coords points="1489,1542 1504,1542 1504,1571 1489,1571"/>
	<Glyph id="c193">
	<Coords points="1489,1542 1504,1542 1504,1571 1489,1571"/>
	<TextEquiv>
	<Unicode>,</Unicode></TextEquiv></Glyph>
	<TextEquiv>
	<Unicode>,</Unicode></TextEquiv></Word>
	<Word id="w194">
	<Coords points="1528,1500 1565,1500 1565,1502 1599,1502 1599,1516 1762,1516 1762,1552 1731,1552 1731,1553 1699,1553 1699,1554 1637,1554 1637,1570 1600,1570 1600,1554 1528,1554"/>
	<Glyph id="c195">
	<Coords points="1528,1500 1565,1500 1565,1554 1528,1554"/>
	<TextEquiv>
	<Unicode>d</Unicode></TextEquiv></Glyph>
	<Glyph id="c196">
	<Coords points="1569,1502 1599,1502 1599,1554 1569,1554"/>
	<TextEquiv>
	<Unicode>é</Unicode></TextEquiv></Glyph>
	<Glyph id="c197">
	<Coords points="1600,1517 1637,1517 1637,1570 1600,1570"/>
	<TextEquiv>
	<Unicode>p</Unicode></TextEquiv></Glyph>
	<Glyph id="c198">
	<Coords points="1638,1516 1671,1516 1671,1554 1638,1554"/>
	<TextEquiv>
	<Unicode>o</Unicode></TextEquiv></Glyph>
	<Glyph id="c199">
	<Coords points="1673,1516 1699,1516 1699,1554 1673,1554"/>
	<TextEquiv>
	<Unicode>s</Unicode></TextEquiv></Glyph>
	<Glyph id="c200">
	<Coords points="1702,1516 1731,1516 1731,1553 1702,1553"/>
	<TextEquiv>
	<Unicode>e</Unicode></TextEquiv></Glyph>
	<Glyph id="c201">
	<Coords points="1734,1516 1762,1516 1762,1552 1734,1552"/>
	<TextEquiv>
	<Unicode>r</Unicode></TextEquiv></Glyph>
	<TextEquiv>
	<Unicode>déposer</Unicode></TextEquiv></Word>
	<Word id="w202">
	<Coords points="1789,1501 1806,1501 1806,1514 1840,1514 1840,1515 1879,1515 1879,1516 1914,1516 1914,1552 1879,1552 1879,1553 1809,1553 1809,1552 1789,1552"/>
	<Glyph id="c203">
	<Coords points="1789,1501 1806,1501 1806,1552 1789,1552"/>
	<TextEquiv>
	<Unicode>l</Unicode></TextEquiv></Glyph>
	<Glyph id="c204">
	<Coords points="1809,1514 1840,1514 1840,1553 1809,1553"/>
	<TextEquiv>
	<Unicode>e</Unicode></TextEquiv></Glyph>
	<Glyph id="c205">
	<Coords points="1842,1515 1879,1515 1879,1553 1842,1553"/>
	<TextEquiv>
	<Unicode>u</Unicode></TextEquiv></Glyph>
	<Glyph id="c206">
	<Coords points="1884,1516 1914,1516 1914,1552 1884,1552"/>
	<TextEquiv>
	<Unicode>r</Unicode></TextEquiv></Glyph>
	<TextEquiv>
	<Unicode>leur</Unicode></TextEquiv></Word>
	<Word id="w207">
	<Coords points="1979,1498 1995,1498 1995,1500 2015,1500 2015,1514 2049,1514 2049,1515 2090,1515 2090,1540 2120,1540 2120,1568 2103,1568 2103,1553 2018,1553 2018,1552 1939,1552 1939,1499 1979,1499"/>
	<Glyph id="c208">
	<Coords points="1939,1499 1977,1499 1977,1552 1939,1552"/>
	<TextEquiv>
	<Unicode>b</Unicode></TextEquiv></Glyph>
	<Glyph id="c209">
	<Coords points="1979,1498 1995,1498 1995,1551 1979,1551"/>
	<TextEquiv>
	<Unicode>i</Unicode></TextEquiv></Glyph>
	<Glyph id="c210">
	<Coords points="2000,1500 2015,1500 2015,1551 2000,1551"/>
	<TextEquiv>
	<Unicode>l</Unicode></TextEquiv></Glyph>
	<Glyph id="c211">
	<Coords points="2018,1514 2049,1514 2049,1553 2018,1553"/>
	<TextEquiv>
	<Unicode>a</Unicode></TextEquiv></Glyph>
	<Glyph id="c212">
	<Coords points="2053,1515 2090,1515 2090,1552 2053,1552"/>
	<TextEquiv>
	<Unicode>n</Unicode></TextEquiv></Glyph>
	<Glyph id="c213">
	<Coords points="2103,1540 2120,1540 2120,1568 2103,1568"/>
	<TextEquiv>
	<Unicode>,</Unicode></TextEquiv></Glyph>
	<TextEquiv>
	<Unicode>bilan,</Unicode></TextEquiv></Word>
	<Word id="w214">
	<Coords points="2349,1499 2386,1499 2386,1515 2449,1515 2449,1552 2386,1552 2386,1553 2349,1553 2349,1552 2243,1552 2243,1568 2207,1568 2207,1552 2144,1552 2144,1515 2277,1515 2277,1514 2349,1514"/>
	<Glyph id="c215">
	<Coords points="2144,1515 2173,1515 2173,1552 2144,1552"/>
	<TextEquiv>
	<Unicode>r</Unicode></TextEquiv></Glyph>
	<Glyph id="c216">
	<Coords points="2175,1515 2205,1515 2205,1552 2175,1552"/>
	<TextEquiv>
	<Unicode>e</Unicode></TextEquiv></Glyph>
	<Glyph id="c217">
	<Coords points="2207,1515 2243,1515 2243,1568 2207,1568"/>
	<TextEquiv>
	<Unicode>p</Unicode></TextEquiv></Glyph>
	<Glyph id="c218">
	<Coords points="2246,1516 2275,1516 2275,1552 2246,1552"/>
	<TextEquiv>
	<Unicode>r</Unicode></TextEquiv></Glyph>
	<Glyph id="c219">
	<Coords points="2277,1514 2306,1514 2306,1552 2277,1552"/>
	<TextEquiv>
	<Unicode>e</Unicode></TextEquiv></Glyph>
	<Glyph id="c220">
	<Coords points="2310,1514 2345,1514 2345,1551 2310,1551"/>
	<TextEquiv>
	<Unicode>n</Unicode></TextEquiv></Glyph>
	<Glyph id="c221">
	<Coords points="2349,1499 2386,1499 2386,1553 2349,1553"/>
	<TextEquiv>
	<Unicode>d</Unicode></TextEquiv></Glyph>
	<Glyph id="c222">
	<Coords points="2388,1515 2417,1515 2417,1551 2388,1551"/>
	<TextEquiv>
	<Unicode>r</Unicode></TextEquiv></Glyph>
	<Glyph id="c223">
	<Coords points="2419,1515 2449,1515 2449,1552 2419,1552"/>
	<TextEquiv>
	<Unicode>e</Unicode></TextEquiv></Glyph>
	<TextEquiv>
	<Unicode>reprendre</Unicode></TextEquiv></Word>
	<Word id="w224">
	<Coords points="2475,1500 2493,1500 2493,1514 2555,1514 2555,1553 2475,1553"/>
	<Glyph id="c225">
	<Coords points="2475,1500 2493,1500 2493,1553 2475,1553"/>
	<TextEquiv>
	<Unicode>l</Unicode></TextEquiv></Glyph>
	<Glyph id="c226">
	<Coords points="2497,1515 2526,1515 2526,1552 2497,1552"/>
	<TextEquiv>
	<Unicode>e</Unicode></TextEquiv></Glyph>
	<Glyph id="c227">
	<Coords points="2528,1514 2555,1514 2555,1553 2528,1553"/>
	<TextEquiv>
	<Unicode>s</Unicode></TextEquiv></Glyph>
	<TextEquiv>
	<Unicode>les</Unicode></TextEquiv></Word>
	<Word id="w228">
	<Coords points="2681,1500 2697,1500 2697,1516 2730,1516 2730,1517 2790,1517 2790,1554 2574,1554 2574,1516 2608,1516 2608,1501 2681,1501"/>
	<Glyph id="c229">
	<Coords points="2574,1516 2605,1516 2605,1554 2574,1554"/>
	<TextEquiv>
	<Unicode>a</Unicode></TextEquiv></Glyph>
	<Glyph id="c230">
	<Coords points="2608,1501 2646,1501 2646,1554 2608,1554"/>
	<TextEquiv>
	<Unicode>ﬁ</Unicode></TextEquiv></Glyph>
	<Glyph id="c231">
	<Coords points="2637,1501 2651,1501 2651,1513 2637,1513"/>
	<TextEquiv>
	<Unicode>'</Unicode></TextEquiv></Glyph>
	<Glyph id="c232">
	<Coords points="2647,1516 2677,1516 2677,1554 2647,1554"/>
	<TextEquiv>
	<Unicode>a</Unicode></TextEquiv></Glyph>
	<Glyph id="c233">
	<Coords points="2681,1500 2697,1500 2697,1554 2681,1554"/>
	<TextEquiv>
	<Unicode>i</Unicode></TextEquiv></Glyph>
	<Glyph id="c234">
	<Coords points="2702,1516 2730,1516 2730,1554 2702,1554"/>
	<TextEquiv>
	<Unicode>r</Unicode></TextEquiv></Glyph>
	<Glyph id="c235">
	<Coords points="2732,1517 2762,1517 2762,1554 2732,1554"/>
	<TextEquiv>
	<Unicode>e</Unicode></TextEquiv></Glyph>
	<Glyph id="c236">
	<Coords points="2765,1517 2790,1517 2790,1554 2765,1554"/>
	<TextEquiv>
	<Unicode>s</Unicode></TextEquiv></Glyph>
	<TextEquiv>
	<Unicode>aﬁ'aires</Unicode></TextEquiv></Word>
	<Word id="w237">
	<Coords points="2844,1504 2866,1504 2866,1554 2811,1554 2811,1517 2844,1517"/>
	<Glyph id="c238">
	<Coords points="2811,1517 2841,1517 2841,1554 2811,1554"/>
	<TextEquiv>
	<Unicode>e</Unicode></TextEquiv></Glyph>
	<Glyph id="c239">
	<Coords points="2844,1504 2866,1504 2866,1554 2844,1554"/>
	<TextEquiv>
	<Unicode>t</Unicode></TextEquiv></Glyph>
	<TextEquiv>
	<Unicode>et</Unicode></TextEquiv></Word>
	<Word id="w240">
	<Coords points="2892,1517 2952,1517 2952,1535 2981,1535 2981,1549 2952,1549 2952,1554 2892,1554"/>
	<Glyph id="c241">
	<Coords points="2892,1517 2918,1517 2918,1554 2892,1554"/>
	<TextEquiv>
	<Unicode>s</Unicode></TextEquiv></Glyph>
	<Glyph id="c242">
	<Coords points="2921,1517 2952,1517 2952,1554 2921,1554"/>
	<TextEquiv>
	<Unicode>e</Unicode></TextEquiv></Glyph>
	<Glyph id="c243">
	<Coords points="2960,1535 2981,1535 2981,1549 2960,1549"/>
	<TextEquiv>
	<Unicode>.</Unicode></TextEquiv></Glyph>
	<TextEquiv>
	<Unicode>se.</Unicode></TextEquiv></Word>
	<TextEquiv>
	<Unicode>leur ﬁls , déposer leur bilan, reprendre les aﬁ'aires et se.</Unicode></TextEquiv></TextLine>
	<TextLine id="l244">
	<Coords points="2378,1587 2415,1587 2415,1604 2552,1604 2552,1606 2722,1606 2722,1605 2784,1605 2784,1590 2821,1590 2821,1591 2839,1591 2839,1593 2890,1593 2890,1607 2926,1607 2926,1631 2946,1631 2946,1644 2615,1644 2615,1659 2579,1659 2579,1643 2521,1643 2521,1642 2489,1642 2489,1641 2335,1641 2335,1657 2299,1657 2299,1640 2194,1640 2194,1642 2164,1642 2164,1641 2037,1641 2037,1655 2018,1655 2018,1662 1987,1662 1987,1641 1710,1641 1710,1642 1543,1642 1543,1643 1373,1643 1373,1659 1336,1659 1336,1644 1303,1644 1303,1643 1246,1643 1246,1605 1303,1605 1303,1604 1504,1604 1504,1589 1640,1589 1640,1588 1728,1588 1728,1591 1755,1591 1755,1603 1987,1603 1987,1602 2050,1602 2050,1603 2222,1603 2222,1588 2237,1588 2237,1601 2378,1601"/>
	<Word id="w245">
	<Coords points="1303,1604 1449,1604 1449,1605 1480,1605 1480,1642 1414,1642 1414,1643 1373,1643 1373,1659 1336,1659 1336,1644 1303,1644 1303,1643 1246,1643 1246,1605 1303,1605"/>
	<Glyph id="c246">
	<Coords points="1246,1605 1301,1605 1301,1643 1246,1643"/>
	<TextEquiv>
	<Unicode>m</Unicode></TextEquiv></Glyph>
	<Glyph id="c247">
	<Coords points="1303,1604 1338,1604 1338,1644 1303,1644"/>
	<TextEquiv>
	<Unicode>o</Unicode></TextEquiv></Glyph>
	<Glyph id="c248">
	<Coords points="1336,1604 1373,1604 1373,1659 1336,1659"/>
	<TextEquiv>
	<Unicode>q</Unicode></TextEquiv></Glyph>
	<Glyph id="c249">
	<Coords points="1378,1606 1414,1606 1414,1643 1378,1643"/>
	<TextEquiv>
	<Unicode>u</Unicode></TextEquiv></Glyph>
	<Glyph id="c250">
	<Coords points="1419,1604 1449,1604 1449,1642 1419,1642"/>
	<TextEquiv>
	<Unicode>e</Unicode></TextEquiv></Glyph>
	<Glyph id="c251">
	<Coords points="1452,1605 1480,1605 1480,1642 1452,1642"/>
	<TextEquiv>
	<Unicode>r</Unicode></TextEquiv></Glyph>
	<TextEquiv>
	<Unicode>moquer</Unicode></TextEquiv></Word>
	<Word id="w252">
	<Coords points="1504,1589 1543,1589 1543,1603 1604,1603 1604,1642 1543,1642 1543,1643 1504,1643"/>
	<Glyph id="c253">
	<Coords points="1504,1589 1543,1589 1543,1643 1504,1643"/>
	<TextEquiv>
	<Unicode>d</Unicode></TextEquiv></Glyph>
	<Glyph id="c254">
	<Coords points="1545,1604 1575,1604 1575,1642 1545,1642"/>
	<TextEquiv>
	<Unicode>e</Unicode></TextEquiv></Glyph>
	<Glyph id="c255">
	<Coords points="1578,1603 1604,1603 1604,1642 1578,1642"/>
	<TextEquiv>
	<Unicode>s</Unicode></TextEquiv></Glyph>
	<TextEquiv>
	<Unicode>des</Unicode></TextEquiv></Word>
	<Word id="w256">
	<Coords points="1640,1588 1728,1588 1728,1591 1755,1591 1755,1603 1888,1603 1888,1640 1829,1640 1829,1641 1710,1641 1710,1642 1640,1642"/>
	<Glyph id="c257">
	<Coords points="1640,1588 1671,1588 1671,1642 1640,1642"/>
	<TextEquiv>
	<Unicode>é</Unicode></TextEquiv></Glyph>
	<Glyph id="c258">
	<Coords points="1673,1588 1710,1588 1710,1642 1673,1642"/>
	<TextEquiv>
	<Unicode>d</Unicode></TextEquiv></Glyph>
	<Glyph id="c259">
	<Coords points="1713,1588 1728,1588 1728,1640 1713,1640"/>
	<TextEquiv>
	<Unicode>i</Unicode></TextEquiv></Glyph>
	<Glyph id="c260">
	<Coords points="1734,1591 1755,1591 1755,1641 1734,1641"/>
	<TextEquiv>
	<Unicode>t</Unicode></TextEquiv></Glyph>
	<Glyph id="c261">
	<Coords points="1757,1603 1786,1603 1786,1641 1757,1641"/>
	<TextEquiv>
	<Unicode>e</Unicode></TextEquiv></Glyph>
	<Glyph id="c262">
	<Coords points="1790,1603 1829,1603 1829,1641 1790,1641"/>
	<TextEquiv>
	<Unicode>u</Unicode></TextEquiv></Glyph>
	<Glyph id="c263">
	<Coords points="1833,1603 1862,1603 1862,1640 1833,1640"/>
	<TextEquiv>
	<Unicode>r</Unicode></TextEquiv></Glyph>
	<Glyph id="c264">
	<Coords points="1860,1603 1888,1603 1888,1640 1860,1640"/>
	<TextEquiv>
	<Unicode>s</Unicode></TextEquiv></Glyph>
	<TextEquiv>
	<Unicode>éditeurs</Unicode></TextEquiv></Word>
	<Word id="w265">
	<Coords points="1987,1602 2050,1602 2050,1641 2037,1641 2037,1655 2018,1655 2018,1662 1987,1662 1987,1641 1915,1641 1915,1603 1987,1603"/>
	<Glyph id="c266">
	<Coords points="1915,1603 1947,1603 1947,1641 1915,1641"/>
	<TextEquiv>
	<Unicode>a</Unicode></TextEquiv></Glyph>
	<Glyph id="c267">
	<Coords points="1949,1603 1985,1603 1985,1639 1949,1639"/>
	<TextEquiv>
	<Unicode>v</Unicode></TextEquiv></Glyph>
	<Glyph id="c268">
	<Coords points="1987,1602 2018,1602 2018,1662 1987,1662"/>
	<TextEquiv>
	<Unicode>g</Unicode></TextEquiv></Glyph>
	<Glyph id="c269">
	<Coords points="2014,1602 2037,1602 2037,1655 2014,1655"/>
	<TextEquiv>
	<Unicode>}</Unicode></TextEquiv></Glyph>
	<Glyph id="c270">
	<Coords points="2035,1602 2050,1602 2050,1641 2035,1641"/>
	<TextEquiv>
	<Unicode>:</Unicode></TextEquiv></Glyph>
	<TextEquiv>
	<Unicode>avg}:</Unicode></TextEquiv></Word>
	<Word id="w271">
	<Coords points="2082,1603 2194,1603 2194,1642 2164,1642 2164,1641 2082,1641"/>
	<Glyph id="c272">
	<Coords points="2082,1603 2122,1603 2122,1641 2082,1641"/>
	<TextEquiv>
	<Unicode>u</Unicode></TextEquiv></Glyph>
	<Glyph id="c273">
	<Coords points="2124,1603 2161,1603 2161,1641 2124,1641"/>
	<TextEquiv>
	<Unicode>n</Unicode></TextEquiv></Glyph>
	<Glyph id="c274">
	<Coords points="2164,1603 2194,1603 2194,1642 2164,1642"/>
	<TextEquiv>
	<Unicode>e</Unicode></TextEquiv></Glyph>
	<TextEquiv>
	<Unicode>une</Unicode></TextEquiv></Word>
	<Word id="w275">
	<Coords points="2378,1587 2415,1587 2415,1604 2552,1604 2552,1643 2521,1643 2521,1642 2489,1642 2489,1641 2335,1641 2335,1657 2299,1657 2299,1640 2222,1640 2222,1588 2237,1588 2237,1601 2378,1601"/>
	<Glyph id="c276">
	<Coords points="2222,1588 2237,1588 2237,1640 2222,1640"/>
	<TextEquiv>
	<Unicode>i</Unicode></TextEquiv></Glyph>
	<Glyph id="c277">
	<Coords points="2242,1603 2299,1603 2299,1640 2242,1640"/>
	<TextEquiv>
	<Unicode>m</Unicode></TextEquiv></Glyph>
	<Glyph id="c278">
	<Coords points="2299,1604 2335,1604 2335,1657 2299,1657"/>
	<TextEquiv>
	<Unicode>p</Unicode></TextEquiv></Glyph>
	<Glyph id="c279">
	<Coords points="2338,1601 2376,1601 2376,1640 2338,1640"/>
	<TextEquiv>
	<Unicode>u</Unicode></TextEquiv></Glyph>
	<Glyph id="c280">
	<Coords points="2378,1587 2415,1587 2415,1641 2378,1641"/>
	<TextEquiv>
	<Unicode>d</Unicode></TextEquiv></Glyph>
	<Glyph id="c281">
	<Coords points="2418,1604 2447,1604 2447,1641 2418,1641"/>
	<TextEquiv>
	<Unicode>e</Unicode></TextEquiv></Glyph>
	<Glyph id="c282">
	<Coords points="2450,1605 2485,1605 2485,1641 2450,1641"/>
	<TextEquiv>
	<Unicode>n</Unicode></TextEquiv></Glyph>
	<Glyph id="c283">
	<Coords points="2489,1604 2520,1604 2520,1642 2489,1642"/>
	<TextEquiv>
	<Unicode>c</Unicode></TextEquiv></Glyph>
	<Glyph id="c284">
	<Coords points="2521,1604 2552,1604 2552,1643 2521,1643"/>
	<TextEquiv>
	<Unicode>e</Unicode></TextEquiv></Glyph>
	<TextEquiv>
	<Unicode>impudence</Unicode></TextEquiv></Word>
	<Word id="w285">
	<Coords points="2784,1590 2821,1590 2821,1591 2839,1591 2839,1593 2890,1593 2890,1607 2926,1607 2926,1631 2946,1631 2946,1644 2615,1644 2615,1659 2579,1659 2579,1606 2722,1606 2722,1605 2784,1605"/>
	<Glyph id="c286">
	<Coords points="2579,1606 2615,1606 2615,1659 2579,1659"/>
	<TextEquiv>
	<Unicode>p</Unicode></TextEquiv></Glyph>
	<Glyph id="c287">
	<Coords points="2618,1606 2647,1606 2647,1643 2618,1643"/>
	<TextEquiv>
	<Unicode>r</Unicode></TextEquiv></Glyph>
	<Glyph id="c288">
	<Coords points="2648,1606 2680,1606 2680,1644 2648,1644"/>
	<TextEquiv>
	<Unicode>o</Unicode></TextEquiv></Glyph>
	<Glyph id="c289">
	<Coords points="2683,1606 2719,1606 2719,1643 2683,1643"/>
	<TextEquiv>
	<Unicode>v</Unicode></TextEquiv></Glyph>
	<Glyph id="c290">
	<Coords points="2722,1605 2751,1605 2751,1644 2722,1644"/>
	<TextEquiv>
	<Unicode>e</Unicode></TextEquiv></Glyph>
	<Glyph id="c291">
	<Coords points="2754,1607 2783,1607 2783,1644 2754,1644"/>
	<TextEquiv>
	<Unicode>r</Unicode></TextEquiv></Glyph>
	<Glyph id="c292">
	<Coords points="2784,1590 2821,1590 2821,1644 2784,1644"/>
	<TextEquiv>
	<Unicode>b</Unicode></TextEquiv></Glyph>
	<Glyph id="c293">
	<Coords points="2825,1591 2839,1591 2839,1644 2825,1644"/>
	<TextEquiv>
	<Unicode>i</Unicode></TextEquiv></Glyph>
	<Glyph id="c294">
	<Coords points="2842,1607 2874,1607 2874,1644 2842,1644"/>
	<TextEquiv>
	<Unicode>a</Unicode></TextEquiv></Glyph>
	<Glyph id="c295">
	<Coords points="2877,1593 2890,1593 2890,1644 2877,1644"/>
	<TextEquiv>
	<Unicode>l</Unicode></TextEquiv></Glyph>
	<Glyph id="c296">
	<Coords points="2895,1607 2926,1607 2926,1644 2895,1644"/>
	<TextEquiv>
	<Unicode>e</Unicode></TextEquiv></Glyph>
	<Glyph id="c297">
	<Coords points="2933,1631 2946,1631 2946,1644 2933,1644"/>
	<TextEquiv>
	<Unicode>.</Unicode></TextEquiv></Glyph>
	<TextEquiv>
	<Unicode>proverbiale.</Unicode></TextEquiv></Word>
	<TextEquiv>
	<Unicode>moquer des éditeurs avg}: une impudence proverbiale.</Unicode></TextEquiv></TextLine>
	<TextEquiv>
	<Unicode>ll en est qui savent a peine signer leur nom assez
lisiblement pour demander tous les ans des sursis, ven-
dre le gage de leurs créanciers, transmettre leur fonds a
leur ﬁls , déposer leur bilan, reprendre les aﬁ'aires et se.
moquer des éditeurs avg}: une impudence proverbiale.</Unicode></TextEquiv></TextRegion>
	<TextRegion id="r298" type="paragraph">
	<Coords points="2061,1676 2092,1676 2092,1677 2131,1677 2131,1678 2150,1678 2150,1681 2177,1681 2177,1693 2455,1693 2455,1694 2581,1694 2581,1678 2596,1678 2596,1695 2713,1695 2713,1684 2735,1684 2735,1696 2880,1696 2880,1681 2919,1681 2919,1697 2951,1697 2951,1809 2950,1809 2950,1911 2914,1911 2914,1912 2846,1912 2846,1929 2724,1929 2724,2012 1618,2012 1618,2015 1280,2015 1280,2016 1243,2016 1243,1963 1246,1963 1246,1821 1245,1821 1245,1768 1320,1768 1320,1678 1363,1678 1363,1683 1388,1683 1388,1693 1710,1693 1710,1679 1727,1679 1727,1693 1760,1693 1760,1694 1901,1694 1901,1693 1962,1693 1962,1678 2061,1678"/>
	<TextLine id="l299">
	<Coords points="2061,1676 2092,1676 2092,1677 2131,1677 2131,1678 2150,1678 2150,1681 2177,1681 2177,1693 2455,1693 2455,1694 2581,1694 2581,1678 2596,1678 2596,1695 2713,1695 2713,1684 2735,1684 2735,1696 2880,1696 2880,1681 2919,1681 2919,1697 2951,1697 2951,1734 2792,1734 2792,1750 2756,1750 2756,1734 2637,1734 2637,1737 2600,1737 2600,1732 2487,1732 2487,1733 2457,1733 2457,1732 2094,1732 2094,1730 2061,1730 2061,1729 1931,1729 1931,1730 1855,1730 1855,1747 1819,1747 1819,1730 1707,1730 1707,1731 1539,1731 1539,1733 1367,1733 1367,1732 1320,1732 1320,1678 1363,1678 1363,1683 1388,1683 1388,1693 1710,1693 1710,1679 1727,1679 1727,1693 1760,1693 1760,1694 1901,1694 1901,1693 1962,1693 1962,1678 2061,1678"/>
	<Word id="w300">
	<Coords points="1320,1678 1363,1678 1363,1683 1388,1683 1388,1733 1367,1733 1367,1732 1320,1732"/>
	<Glyph id="c301">
	<Coords points="1320,1678 1363,1678 1363,1732 1320,1732"/>
	<TextEquiv>
	<Unicode>E</Unicode></TextEquiv></Glyph>
	<Glyph id="c302">
	<Coords points="1367,1683 1388,1683 1388,1733 1367,1733"/>
	<TextEquiv>
	<Unicode>t</Unicode></TextEquiv></Glyph>
	<TextEquiv>
	<Unicode>Et</Unicode></TextEquiv></Word>
	<Word id="w303">
	<Coords points="1464,1693 1567,1693 1567,1731 1539,1731 1539,1733 1464,1733 1464,1731 1426,1731 1426,1694 1464,1694"/>
	<Glyph id="c304">
	<Coords points="1426,1694 1462,1694 1462,1731 1426,1731"/>
	<TextEquiv>
	<Unicode>v</Unicode></TextEquiv></Glyph>
	<Glyph id="c305">
	<Coords points="1464,1693 1497,1693 1497,1733 1464,1733"/>
	<TextEquiv>
	<Unicode>o</Unicode></TextEquiv></Glyph>
	<Glyph id="c306">
	<Coords points="1501,1694 1539,1694 1539,1733 1501,1733"/>
	<TextEquiv>
	<Unicode>u</Unicode></TextEquiv></Glyph>
	<Glyph id="c307">
	<Coords points="1540,1693 1567,1693 1567,1731 1540,1731"/>
	<TextEquiv>
	<Unicode>s</Unicode></TextEquiv></Glyph>
	<TextEquiv>
	<Unicode>vous</Unicode></TextEquiv></Word>
	<Word id="w308">
	<Coords points="1710,1679 1727,1679 1727,1693 1760,1693 1760,1694 1790,1694 1790,1729 1760,1729 1760,1730 1707,1730 1707,1731 1595,1731 1595,1693 1710,1693"/>
	<Glyph id="c309">
	<Coords points="1595,1693 1632,1693 1632,1731 1595,1731"/>
	<TextEquiv>
	<Unicode>v</Unicode></TextEquiv></Glyph>
	<Glyph id="c310">
	<Coords points="1634,1693 1666,1693 1666,1731 1634,1731"/>
	<TextEquiv>
	<Unicode>o</Unicode></TextEquiv></Glyph>
	<Glyph id="c311">
	<Coords points="1670,1693 1707,1693 1707,1731 1670,1731"/>
	<TextEquiv>
	<Unicode>u</Unicode></TextEquiv></Glyph>
	<Glyph id="c312">
	<Coords points="1710,1679 1727,1679 1727,1730 1710,1730"/>
	<TextEquiv>
	<Unicode>l</Unicode></TextEquiv></Glyph>
	<Glyph id="c313">
	<Coords points="1730,1693 1760,1693 1760,1730 1730,1730"/>
	<TextEquiv>
	<Unicode>e</Unicode></TextEquiv></Glyph>
	<Glyph id="c314">
	<Coords points="1761,1694 1790,1694 1790,1729 1761,1729"/>
	<TextEquiv>
	<Unicode>z</Unicode></TextEquiv></Glyph>
	<TextEquiv>
	<Unicode>voulez</Unicode></TextEquiv></Word>
	<Word id="w315">
	<Coords points="1901,1693 1931,1693 1931,1730 1855,1730 1855,1747 1819,1747 1819,1694 1901,1694"/>
	<Glyph id="c316">
	<Coords points="1819,1694 1855,1694 1855,1747 1819,1747"/>
	<TextEquiv>
	<Unicode>q</Unicode></TextEquiv></Glyph>
	<Glyph id="c317">
	<Coords points="1860,1694 1895,1694 1895,1730 1860,1730"/>
	<TextEquiv>
	<Unicode>u</Unicode></TextEquiv></Glyph>
	<Glyph id="c318">
	<Coords points="1901,1693 1931,1693 1931,1730 1901,1730"/>
	<TextEquiv>
	<Unicode>e</Unicode></TextEquiv></Glyph>
	<TextEquiv>
	<Unicode>que</Unicode></TextEquiv></Word>
	<Word id="w319">
	<Coords points="1962,1678 1978,1678 1978,1683 2040,1683 2040,1729 1962,1729"/>
	<Glyph id="c320">
	<Coords points="1962,1678 1978,1678 1978,1729 1962,1729"/>
	<TextEquiv>
	<Unicode>l</Unicode></TextEquiv></Glyph>
	<Glyph id="c321">
	<Coords points="1982,1692 2014,1692 2014,1729 1982,1729"/>
	<TextEquiv>
	<Unicode>e</Unicode></TextEquiv></Glyph>
	<Glyph id="c322">
	<Coords points="2011,1683 2040,1683 2040,1729 2011,1729"/>
	<TextEquiv>
	<Unicode>s</Unicode></TextEquiv></Glyph>
	<TextEquiv>
	<Unicode>les</Unicode></TextEquiv></Word>
	<Word id="w323">
	<Coords points="2061,1676 2092,1676 2092,1677 2131,1677 2131,1678 2150,1678 2150,1681 2177,1681 2177,1693 2309,1693 2309,1731 2250,1731 2250,1732 2094,1732 2094,1730 2061,1730"/>
	<Glyph id="c324">
	<Coords points="2061,1676 2092,1676 2092,1730 2061,1730"/>
	<TextEquiv>
	<Unicode>é</Unicode></TextEquiv></Glyph>
	<Glyph id="c325">
	<Coords points="2094,1677 2131,1677 2131,1732 2094,1732"/>
	<TextEquiv>
	<Unicode>d</Unicode></TextEquiv></Glyph>
	<Glyph id="c326">
	<Coords points="2135,1678 2150,1678 2150,1731 2135,1731"/>
	<TextEquiv>
	<Unicode>i</Unicode></TextEquiv></Glyph>
	<Glyph id="c327">
	<Coords points="2155,1681 2177,1681 2177,1730 2155,1730"/>
	<TextEquiv>
	<Unicode>t</Unicode></TextEquiv></Glyph>
	<Glyph id="c328">
	<Coords points="2178,1693 2207,1693 2207,1731 2178,1731"/>
	<TextEquiv>
	<Unicode>e</Unicode></TextEquiv></Glyph>
	<Glyph id="c329">
	<Coords points="2213,1693 2250,1693 2250,1732 2213,1732"/>
	<TextEquiv>
	<Unicode>u</Unicode></TextEquiv></Glyph>
	<Glyph id="c330">
	<Coords points="2253,1693 2281,1693 2281,1729 2253,1729"/>
	<TextEquiv>
	<Unicode>r</Unicode></TextEquiv></Glyph>
	<Glyph id="c331">
	<Coords points="2283,1693 2309,1693 2309,1731 2283,1731"/>
	<TextEquiv>
	<Unicode>s</Unicode></TextEquiv></Glyph>
	<TextEquiv>
	<Unicode>éditeurs</Unicode></TextEquiv></Word>
	<Word id="w332">
	<Coords points="2332,1693 2402,1693 2402,1730 2367,1730 2367,1732 2332,1732"/>
	<Glyph id="c333">
	<Coords points="2332,1693 2367,1693 2367,1732 2332,1732"/>
	<TextEquiv>
	<Unicode>n</Unicode></TextEquiv></Glyph>
	<Glyph id="c334">
	<Coords points="2371,1693 2402,1693 2402,1730 2371,1730"/>
	<TextEquiv>
	<Unicode>e</Unicode></TextEquiv></Glyph>
	<TextEquiv>
	<Unicode>ne</Unicode></TextEquiv></Word>
	<Word id="w335">
	<Coords points="2429,1693 2455,1693 2455,1694 2487,1694 2487,1733 2457,1733 2457,1731 2429,1731"/>
	<Glyph id="c336">
	<Coords points="2429,1693 2455,1693 2455,1731 2429,1731"/>
	<TextEquiv>
	<Unicode>s</Unicode></TextEquiv></Glyph>
	<Glyph id="c337">
	<Coords points="2457,1694 2487,1694 2487,1733 2457,1733"/>
	<TextEquiv>
	<Unicode>e</Unicode></TextEquiv></Glyph>
	<TextEquiv>
	<Unicode>se</Unicode></TextEquiv></Word>
	<Word id="w338">
	<Coords points="2581,1678 2596,1678 2596,1695 2713,1695 2713,1684 2735,1684 2735,1734 2637,1734 2637,1737 2600,1737 2600,1732 2538,1732 2538,1731 2507,1731 2507,1695 2538,1695 2538,1694 2581,1694"/>
	<Glyph id="c339">
	<Coords points="2507,1695 2536,1695 2536,1731 2507,1731"/>
	<TextEquiv>
	<Unicode>r</Unicode></TextEquiv></Glyph>
	<Glyph id="c340">
	<Coords points="2538,1694 2576,1694 2576,1732 2538,1732"/>
	<TextEquiv>
	<Unicode>u</Unicode></TextEquiv></Glyph>
	<Glyph id="c341">
	<Coords points="2581,1678 2596,1678 2596,1731 2581,1731"/>
	<TextEquiv>
	<Unicode>i</Unicode></TextEquiv></Glyph>
	<Glyph id="c342">
	<Coords points="2600,1696 2637,1696 2637,1737 2600,1737"/>
	<TextEquiv>
	<Unicode>n</Unicode></TextEquiv></Glyph>
	<Glyph id="c343">
	<Coords points="2641,1695 2671,1695 2671,1733 2641,1733"/>
	<TextEquiv>
	<Unicode>e</Unicode></TextEquiv></Glyph>
	<Glyph id="c344">
	<Coords points="2674,1696 2710,1696 2710,1733 2674,1733"/>
	<TextEquiv>
	<Unicode>n</Unicode></TextEquiv></Glyph>
	<Glyph id="c345">
	<Coords points="2713,1684 2735,1684 2735,1734 2713,1734"/>
	<TextEquiv>
	<Unicode>t</Unicode></TextEquiv></Glyph>
	<TextEquiv>
	<Unicode>ruinent</Unicode></TextEquiv></Word>
	<Word id="w346">
	<Coords points="2794,1696 2854,1696 2854,1734 2792,1734 2792,1750 2756,1750 2756,1697 2794,1697"/>
	<Glyph id="c347">
	<Coords points="2756,1697 2792,1697 2792,1750 2756,1750"/>
	<TextEquiv>
	<Unicode>p</Unicode></TextEquiv></Glyph>
	<Glyph id="c348">
	<Coords points="2794,1696 2825,1696 2825,1734 2794,1734"/>
	<TextEquiv>
	<Unicode>a</Unicode></TextEquiv></Glyph>
	<Glyph id="c349">
	<Coords points="2828,1696 2854,1696 2854,1734 2828,1734"/>
	<TextEquiv>
	<Unicode>s</Unicode></TextEquiv></Glyph>
	<TextEquiv>
	<Unicode>pas</Unicode></TextEquiv></Word>
	<Word id="w350">
	<Coords points="2880,1681 2919,1681 2919,1697 2951,1697 2951,1734 2880,1734"/>
	<Glyph id="c351">
	<Coords points="2880,1681 2919,1681 2919,1734 2880,1734"/>
	<TextEquiv>
	<Unicode>d</Unicode></TextEquiv></Glyph>
	<Glyph id="c352">
	<Coords points="2921,1697 2951,1697 2951,1734 2921,1734"/>
	<TextEquiv>
	<Unicode>e</Unicode></TextEquiv></Glyph>
	<TextEquiv>
	<Unicode>de</Unicode></TextEquiv></Word>
	<TextEquiv>
	<Unicode>Et vous voulez que les éditeurs ne se ruinent pas de</Unicode></TextEquiv></TextLine>
	<TextLine id="l353">
	<Coords points="1944,1765 1974,1765 1974,1766 2023,1766 2023,1767 2080,1767 2080,1768 2159,1768 2159,1782 2393,1782 2393,1768 2461,1768 2461,1767 2517,1767 2517,1784 2547,1784 2547,1785 2701,1785 2701,1787 2836,1787 2836,1770 2868,1770 2868,1769 2924,1769 2924,1800 2951,1800 2951,1809 2924,1809 2924,1823 2905,1823 2905,1824 2640,1824 2640,1839 2563,1839 2563,1821 2503,1821 2503,1820 2264,1820 2264,1819 2159,1819 2159,1835 2095,1835 2095,1819 1717,1819 1717,1820 1570,1820 1570,1821 1245,1821 1245,1768 1379,1768 1379,1783 1629,1783 1629,1767 1783,1767 1783,1766 1826,1766 1826,1782 1944,1782"/>
	<Word id="w354">
	<Coords points="1245,1768 1379,1768 1379,1820 1339,1820 1339,1821 1245,1821"/>
	<Glyph id="c355">
	<Coords points="1245,1768 1271,1768 1271,1821 1245,1821"/>
	<TextEquiv>
	<Unicode>f</Unicode></TextEquiv></Glyph>
	<Glyph id="c356">
	<Coords points="1266,1783 1300,1783 1300,1821 1266,1821"/>
	<TextEquiv>
	<Unicode>o</Unicode></TextEquiv></Glyph>
	<Glyph id="c357">
	<Coords points="1302,1784 1339,1784 1339,1821 1302,1821"/>
	<TextEquiv>
	<Unicode>n</Unicode></TextEquiv></Glyph>
	<Glyph id="c358">
	<Coords points="1340,1768 1379,1768 1379,1820 1340,1820"/>
	<TextEquiv>
	<Unicode>d</Unicode></TextEquiv></Glyph>
	<TextEquiv>
	<Unicode>fond</Unicode></TextEquiv></Word>
	<Word id="w359">
	<Coords points="1406,1783 1436,1783 1436,1784 1476,1784 1476,1821 1440,1821 1440,1820 1406,1820"/>
	<Glyph id="c360">
	<Coords points="1406,1783 1436,1783 1436,1820 1406,1820"/>
	<TextEquiv>
	<Unicode>e</Unicode></TextEquiv></Glyph>
	<Glyph id="c361">
	<Coords points="1440,1784 1476,1784 1476,1821 1440,1821"/>
	<TextEquiv>
	<Unicode>n</Unicode></TextEquiv></Glyph>
	<TextEquiv>
	<Unicode>en</Unicode></TextEquiv></Word>
	<Word id="w362">
	<Coords points="1629,1767 1751,1767 1751,1819 1717,1819 1717,1820 1570,1820 1570,1821 1536,1821 1536,1820 1506,1820 1506,1783 1629,1783"/>
	<Glyph id="c363">
	<Coords points="1506,1783 1536,1783 1536,1820 1506,1820"/>
	<TextEquiv>
	<Unicode>c</Unicode></TextEquiv></Glyph>
	<Glyph id="c364">
	<Coords points="1536,1783 1570,1783 1570,1821 1536,1821"/>
	<TextEquiv>
	<Unicode>o</Unicode></TextEquiv></Glyph>
	<Glyph id="c365">
	<Coords points="1572,1783 1625,1783 1625,1820 1572,1820"/>
	<TextEquiv>
	<Unicode>m</Unicode></TextEquiv></Glyph>
	<Glyph id="c366">
	<Coords points="1629,1767 1666,1767 1666,1820 1629,1820"/>
	<TextEquiv>
	<Unicode>b</Unicode></TextEquiv></Glyph>
	<Glyph id="c367">
	<Coords points="1669,1768 1684,1768 1684,1819 1669,1819"/>
	<TextEquiv>
	<Unicode>l</Unicode></TextEquiv></Glyph>
	<Glyph id="c368">
	<Coords points="1688,1783 1717,1783 1717,1820 1688,1820"/>
	<TextEquiv>
	<Unicode>e</Unicode></TextEquiv></Glyph>
	<Glyph id="c369">
	<Coords points="1739,1767 1751,1767 1751,1819 1739,1819"/>
	<TextEquiv>
	<Unicode>!</Unicode></TextEquiv></Glyph>
	<TextEquiv>
	<Unicode>comble!</Unicode></TextEquiv></Word>
	<Word id="w370">
	<Coords points="1783,1766 1826,1766 1826,1783 1865,1783 1865,1819 1783,1819"/>
	<Glyph id="c371">
	<Coords points="1783,1766 1826,1766 1826,1819 1783,1819"/>
	<TextEquiv>
	<Unicode>E</Unicode></TextEquiv></Glyph>
	<Glyph id="c372">
	<Coords points="1830,1783 1865,1783 1865,1819 1830,1819"/>
	<TextEquiv>
	<Unicode>n</Unicode></TextEquiv></Glyph>
	<TextEquiv>
	<Unicode>En</Unicode></TextEquiv></Word>
	<Word id="w373">
	<Coords points="1944,1765 1974,1765 1974,1766 2023,1766 2023,1767 2080,1767 2080,1807 2110,1807 2110,1835 2095,1835 2095,1819 1904,1819 1904,1782 1944,1782"/>
	<Glyph id="c374">
	<Coords points="1904,1782 1940,1782 1940,1819 1904,1819"/>
	<TextEquiv>
	<Unicode>v</Unicode></TextEquiv></Glyph>
	<Glyph id="c375">
	<Coords points="1944,1765 1974,1765 1974,1819 1944,1819"/>
	<TextEquiv>
	<Unicode>é</Unicode></TextEquiv></Glyph>
	<Glyph id="c376">
	<Coords points="1976,1782 2004,1782 2004,1819 1976,1819"/>
	<TextEquiv>
	<Unicode>r</Unicode></TextEquiv></Glyph>
	<Glyph id="c377">
	<Coords points="2007,1766 2023,1766 2023,1819 2007,1819"/>
	<TextEquiv>
	<Unicode>i</Unicode></TextEquiv></Glyph>
	<Glyph id="c378">
	<Coords points="2027,1770 2049,1770 2049,1819 2027,1819"/>
	<TextEquiv>
	<Unicode>t</Unicode></TextEquiv></Glyph>
	<Glyph id="c379">
	<Coords points="2051,1767 2080,1767 2080,1819 2051,1819"/>
	<TextEquiv>
	<Unicode>é</Unicode></TextEquiv></Glyph>
	<Glyph id="c380">
	<Coords points="2095,1807 2110,1807 2110,1835 2095,1835"/>
	<TextEquiv>
	<Unicode>,</Unicode></TextEquiv></Glyph>
	<TextEquiv>
	<Unicode>vérité,</Unicode></TextEquiv></Word>
	<Word id="w381">
	<Coords points="2138,1768 2159,1768 2159,1782 2194,1782 2194,1819 2159,1819 2159,1835 2138,1835"/>
	<Glyph id="c382">
	<Coords points="2138,1768 2159,1768 2159,1835 2138,1835"/>
	<TextEquiv>
	<Unicode>j</Unicode></TextEquiv></Glyph>
	<Glyph id="c383">
	<Coords points="2164,1782 2194,1782 2194,1819 2164,1819"/>
	<TextEquiv>
	<Unicode>e</Unicode></TextEquiv></Glyph>
	<TextEquiv>
	<Unicode>je</Unicode></TextEquiv></Word>
	<Word id="w384">
	<Coords points="2264,1782 2366,1782 2366,1819 2337,1819 2337,1820 2264,1820 2264,1818 2226,1818 2226,1783 2264,1783"/>
	<Glyph id="c385">
	<Coords points="2226,1783 2262,1783 2262,1818 2226,1818"/>
	<TextEquiv>
	<Unicode>v</Unicode></TextEquiv></Glyph>
	<Glyph id="c386">
	<Coords points="2264,1782 2296,1782 2296,1820 2264,1820"/>
	<TextEquiv>
	<Unicode>o</Unicode></TextEquiv></Glyph>
	<Glyph id="c387">
	<Coords points="2300,1783 2337,1783 2337,1820 2300,1820"/>
	<TextEquiv>
	<Unicode>u</Unicode></TextEquiv></Glyph>
	<Glyph id="c388">
	<Coords points="2340,1782 2366,1782 2366,1819 2340,1819"/>
	<TextEquiv>
	<Unicode>s</Unicode></TextEquiv></Glyph>
	<TextEquiv>
	<Unicode>vous</Unicode></TextEquiv></Word>
	<Word id="w389">
	<Coords points="2393,1768 2409,1768 2409,1783 2443,1783 2443,1820 2413,1820 2413,1819 2393,1819"/>
	<Glyph id="c390">
	<Coords points="2393,1768 2409,1768 2409,1819 2393,1819"/>
	<TextEquiv>
	<Unicode>l</Unicode></TextEquiv></Glyph>
	<Glyph id="c391">
	<Coords points="2413,1783 2443,1783 2443,1820 2413,1820"/>
	<TextEquiv>
	<Unicode>e</Unicode></TextEquiv></Glyph>
	<TextEquiv>
	<Unicode>le</Unicode></TextEquiv></Word>
	<Word id="w392">
	<Coords points="2461,1767 2517,1767 2517,1784 2547,1784 2547,1810 2578,1810 2578,1839 2563,1839 2563,1821 2503,1821 2503,1820 2461,1820"/>
	<Glyph id="c393">
	<Coords points="2461,1767 2499,1767 2499,1820 2461,1820"/>
	<TextEquiv>
	<Unicode>d</Unicode></TextEquiv></Glyph>
	<Glyph id="c394">
	<Coords points="2503,1767 2517,1767 2517,1821 2503,1821"/>
	<TextEquiv>
	<Unicode>i</Unicode></TextEquiv></Glyph>
	<Glyph id="c395">
	<Coords points="2522,1784 2547,1784 2547,1821 2522,1821"/>
	<TextEquiv>
	<Unicode>s</Unicode></TextEquiv></Glyph>
	<Glyph id="c396">
	<Coords points="2563,1810 2578,1810 2578,1839 2563,1839"/>
	<TextEquiv>
	<Unicode>,</Unicode></TextEquiv></Glyph>
	<TextEquiv>
	<Unicode>dis,</Unicode></TextEquiv></Word>
	<Word id="w397">
	<Coords points="2641,1785 2701,1785 2701,1823 2673,1823 2673,1824 2640,1824 2640,1839 2603,1839 2603,1786 2641,1786"/>
	<Glyph id="c398">
	<Coords points="2603,1786 2640,1786 2640,1839 2603,1839"/>
	<TextEquiv>
	<Unicode>p</Unicode></TextEquiv></Glyph>
	<Glyph id="c399">
	<Coords points="2641,1785 2673,1785 2673,1824 2641,1824"/>
	<TextEquiv>
	<Unicode>a</Unicode></TextEquiv></Glyph>
	<Glyph id="c400">
	<Coords points="2676,1785 2701,1785 2701,1823 2676,1823"/>
	<TextEquiv>
	<Unicode>s</Unicode></TextEquiv></Glyph>
	<TextEquiv>
	<Unicode>pas</Unicode></TextEquiv></Word>
	<Word id="w401">
	<Coords points="2731,1787 2807,1787 2807,1824 2731,1824"/>
	<Glyph id="c402">
	<Coords points="2731,1787 2767,1787 2767,1824 2731,1824"/>
	<TextEquiv>
	<Unicode>u</Unicode></TextEquiv></Glyph>
	<Glyph id="c403">
	<Coords points="2772,1787 2807,1787 2807,1824 2772,1824"/>
	<TextEquiv>
	<Unicode>n</Unicode></TextEquiv></Glyph>
	<TextEquiv>
	<Unicode>un</Unicode></TextEquiv></Word>
	<Word id="w404">
	<Coords points="2868,1769 2924,1769 2924,1800 2951,1800 2951,1809 2924,1809 2924,1823 2905,1823 2905,1824 2836,1824 2836,1770 2868,1770"/>
	<Glyph id="c405">
	<Coords points="2836,1770 2866,1770 2866,1824 2836,1824"/>
	<TextEquiv>
	<Unicode>é</Unicode></TextEquiv></Glyph>
	<Glyph id="c406">
	<Coords points="2868,1769 2905,1769 2905,1824 2868,1824"/>
	<TextEquiv>
	<Unicode>d</Unicode></TextEquiv></Glyph>
	<Glyph id="c407">
	<Coords points="2910,1769 2924,1769 2924,1823 2910,1823"/>
	<TextEquiv>
	<Unicode>i</Unicode></TextEquiv></Glyph>
	<Glyph id="c408">
	<Coords points="2927,1800 2951,1800 2951,1809 2927,1809"/>
	<TextEquiv>
	<Unicode>-</Unicode></TextEquiv></Glyph>
	<TextEquiv>
	<Unicode>édi-</Unicode></TextEquiv></Word>
	<TextEquiv>
	<Unicode>fond en comble! En vérité, je vous le dis, pas un édi-</Unicode></TextEquiv></TextLine>
	<TextLine id="l409">
	<Coords points="2029,1854 2066,1854 2066,1855 2193,1855 2193,1871 2322,1871 2322,1855 2337,1855 2337,1856 2442,1856 2442,1873 2672,1873 2672,1860 2744,1860 2744,1858 2760,1858 2760,1875 2877,1875 2877,1874 2914,1874 2914,1875 2950,1875 2950,1911 2914,1911 2914,1912 2846,1912 2846,1929 2704,1929 2704,1927 2595,1927 2595,1911 2504,1911 2504,1910 2342,1910 2342,1909 1624,1909 1624,1911 1602,1911 1602,1910 1396,1910 1396,1926 1380,1926 1380,1910 1266,1910 1266,1911 1246,1911 1246,1862 1266,1862 1266,1873 1542,1873 1542,1858 1562,1858 1562,1857 1651,1857 1651,1856 1667,1856 1667,1857 1688,1857 1688,1872 1866,1872 1866,1858 1890,1858 1890,1855 1906,1855 1906,1871 2029,1871"/>
	<Word id="w410">
	<Coords points="1246,1862 1266,1862 1266,1873 1374,1873 1374,1896 1396,1896 1396,1926 1380,1926 1380,1910 1266,1910 1266,1911 1246,1911"/>
	<Glyph id="c411">
	<Coords points="1246,1862 1266,1862 1266,1911 1246,1911"/>
	<TextEquiv>
	<Unicode>t</Unicode></TextEquiv></Glyph>
	<Glyph id="c412">
	<Coords points="1270,1873 1300,1873 1300,1910 1270,1910"/>
	<TextEquiv>
	<Unicode>e</Unicode></TextEquiv></Glyph>
	<Glyph id="c413">
	<Coords points="1303,1873 1340,1873 1340,1910 1303,1910"/>
	<TextEquiv>
	<Unicode>u</Unicode></TextEquiv></Glyph>
	<Glyph id="c414">
	<Coords points="1344,1873 1374,1873 1374,1909 1344,1909"/>
	<TextEquiv>
	<Unicode>r</Unicode></TextEquiv></Glyph>
	<Glyph id="c415">
	<Coords points="1380,1896 1396,1896 1396,1926 1380,1926"/>
	<TextEquiv>
	<Unicode>,</Unicode></TextEquiv></Glyph>
	<TextEquiv>
	<Unicode>teur,</Unicode></TextEquiv></Word>
	<Word id="w416">
	<Coords points="1651,1856 1667,1856 1667,1857 1688,1857 1688,1909 1624,1909 1624,1911 1602,1911 1602,1910 1464,1910 1464,1908 1426,1908 1426,1873 1542,1873 1542,1858 1562,1858 1562,1857 1651,1857"/>
	<Glyph id="c417">
	<Coords points="1426,1873 1462,1873 1462,1908 1426,1908"/>
	<TextEquiv>
	<Unicode>v</Unicode></TextEquiv></Glyph>
	<Glyph id="c418">
	<Coords points="1464,1873 1497,1873 1497,1910 1464,1910"/>
	<TextEquiv>
	<Unicode>o</Unicode></TextEquiv></Glyph>
	<Glyph id="c419">
	<Coords points="1501,1873 1537,1873 1537,1910 1501,1910"/>
	<TextEquiv>
	<Unicode>u</Unicode></TextEquiv></Glyph>
	<Glyph id="c420">
	<Coords points="1542,1858 1558,1858 1558,1910 1542,1910"/>
	<TextEquiv>
	<Unicode>l</Unicode></TextEquiv></Glyph>
	<Glyph id="c421">
	<Coords points="1562,1857 1597,1857 1597,1909 1562,1909"/>
	<TextEquiv>
	<Unicode>u</Unicode></TextEquiv></Glyph>
	<Glyph id="c422">
	<Coords points="1602,1860 1624,1860 1624,1911 1602,1911"/>
	<TextEquiv>
	<Unicode>t</Unicode></TextEquiv></Glyph>
	<Glyph id="c423">
	<Coords points="1625,1886 1648,1886 1648,1895 1625,1895"/>
	<TextEquiv>
	<Unicode>-</Unicode></TextEquiv></Glyph>
	<Glyph id="c424">
	<Coords points="1651,1856 1667,1856 1667,1909 1651,1909"/>
	<TextEquiv>
	<Unicode>i</Unicode></TextEquiv></Glyph>
	<Glyph id="c425">
	<Coords points="1672,1857 1688,1857 1688,1909 1672,1909"/>
	<TextEquiv>
	<Unicode>l</Unicode></TextEquiv></Glyph>
	<TextEquiv>
	<Unicode>voulut-il</Unicode></TextEquiv></Word>
	<Word id="w426">
	<Coords points="1716,1872 1775,1872 1775,1909 1716,1909"/>
	<Glyph id="c427">
	<Coords points="1716,1872 1741,1872 1741,1909 1716,1909"/>
	<TextEquiv>
	<Unicode>s</Unicode></TextEquiv></Glyph>
	<Glyph id="c428">
	<Coords points="1744,1872 1775,1872 1775,1909 1744,1909"/>
	<TextEquiv>
	<Unicode>e</Unicode></TextEquiv></Glyph>
	<TextEquiv>
	<Unicode>se</Unicode></TextEquiv></Word>
	<Word id="w429">
	<Coords points="1890,1855 1906,1855 1906,1871 1970,1871 1970,1872 2004,1872 2004,1908 1970,1908 1970,1909 1802,1909 1802,1872 1866,1872 1866,1858 1890,1858"/>
	<Glyph id="c430">
	<Coords points="1802,1872 1830,1872 1830,1909 1802,1909"/>
	<TextEquiv>
	<Unicode>r</Unicode></TextEquiv></Glyph>
	<Glyph id="c431">
	<Coords points="1833,1872 1862,1872 1862,1909 1833,1909"/>
	<TextEquiv>
	<Unicode>e</Unicode></TextEquiv></Glyph>
	<Glyph id="c432">
	<Coords points="1866,1858 1887,1858 1887,1909 1866,1909"/>
	<TextEquiv>
	<Unicode>t</Unicode></TextEquiv></Glyph>
	<Glyph id="c433">
	<Coords points="1890,1855 1906,1855 1906,1909 1890,1909"/>
	<TextEquiv>
	<Unicode>i</Unicode></TextEquiv></Glyph>
	<Glyph id="c434">
	<Coords points="1910,1872 1937,1872 1937,1909 1910,1909"/>
	<TextEquiv>
	<Unicode>r</Unicode></TextEquiv></Glyph>
	<Glyph id="c435">
	<Coords points="1941,1871 1970,1871 1970,1909 1941,1909"/>
	<TextEquiv>
	<Unicode>e</Unicode></TextEquiv></Glyph>
	<Glyph id="c436">
	<Coords points="1974,1872 2004,1872 2004,1908 1974,1908"/>
	<TextEquiv>
	<Unicode>r</Unicode></TextEquiv></Glyph>
	<TextEquiv>
	<Unicode>retirer</Unicode></TextEquiv></Word>
	<Word id="w437">
	<Coords points="2029,1854 2066,1854 2066,1855 2100,1855 2100,1872 2130,1872 2130,1909 2071,1909 2071,1908 2029,1908"/>
	<Glyph id="c438">
	<Coords points="2029,1854 2066,1854 2066,1908 2029,1908"/>
	<TextEquiv>
	<Unicode>d</Unicode></TextEquiv></Glyph>
	<Glyph id="c439">
	<Coords points="2071,1855 2100,1855 2100,1909 2071,1909"/>
	<TextEquiv>
	<Unicode>é</Unicode></TextEquiv></Glyph>
	<Glyph id="c440">
	<Coords points="2105,1872 2130,1872 2130,1909 2105,1909"/>
	<TextEquiv>
	<Unicode>s</Unicode></TextEquiv></Glyph>
	<TextEquiv>
	<Unicode>dés</Unicode></TextEquiv></Word>
	<Word id="w441">
	<Coords points="2156,1855 2193,1855 2193,1871 2322,1871 2322,1855 2337,1855 2337,1873 2378,1873 2378,1910 2342,1910 2342,1909 2156,1909"/>
	<Glyph id="c442">
	<Coords points="2156,1855 2193,1855 2193,1909 2156,1909"/>
	<TextEquiv>
	<Unicode>d</Unicode></TextEquiv></Glyph>
	<Glyph id="c443">
	<Coords points="2196,1872 2226,1872 2226,1909 2196,1909"/>
	<TextEquiv>
	<Unicode>e</Unicode></TextEquiv></Glyph>
	<Glyph id="c444">
	<Coords points="2231,1871 2283,1871 2283,1909 2231,1909"/>
	<TextEquiv>
	<Unicode>m</Unicode></TextEquiv></Glyph>
	<Glyph id="c445">
	<Coords points="2287,1872 2319,1872 2319,1909 2287,1909"/>
	<TextEquiv>
	<Unicode>a</Unicode></TextEquiv></Glyph>
	<Glyph id="c446">
	<Coords points="2322,1855 2337,1855 2337,1908 2322,1908"/>
	<TextEquiv>
	<Unicode>i</Unicode></TextEquiv></Glyph>
	<Glyph id="c447">
	<Coords points="2342,1873 2378,1873 2378,1910 2342,1910"/>
	<TextEquiv>
	<Unicode>n</Unicode></TextEquiv></Glyph>
	<TextEquiv>
	<Unicode>demain</Unicode></TextEquiv></Word>
	<Word id="w448">
	<Coords points="2405,1856 2442,1856 2442,1873 2476,1873 2476,1910 2445,1910 2445,1909 2405,1909"/>
	<Glyph id="c449">
	<Coords points="2405,1856 2442,1856 2442,1909 2405,1909"/>
	<TextEquiv>
	<Unicode>d</Unicode></TextEquiv></Glyph>
	<Glyph id="c450">
	<Coords points="2445,1873 2476,1873 2476,1910 2445,1910"/>
	<TextEquiv>
	<Unicode>e</Unicode></TextEquiv></Glyph>
	<TextEquiv>
	<Unicode>de</Unicode></TextEquiv></Word>
	<Word id="w451">
	<Coords points="2504,1873 2569,1873 2569,1911 2504,1911"/>
	<Glyph id="c452">
	<Coords points="2504,1873 2534,1873 2534,1911 2504,1911"/>
	<TextEquiv>
	<Unicode>c</Unicode></TextEquiv></Glyph>
	<Glyph id="c453">
	<Coords points="2538,1873 2569,1873 2569,1911 2538,1911"/>
	<TextEquiv>
	<Unicode>e</Unicode></TextEquiv></Glyph>
	<TextEquiv>
	<Unicode>ce</Unicode></TextEquiv></Word>
	<Word id="w454">
	<Coords points="2744,1858 2760,1858 2760,1875 2826,1875 2826,1900 2846,1900 2846,1929 2704,1929 2704,1927 2595,1927 2595,1873 2672,1873 2672,1860 2744,1860"/>
	<Glyph id="c455">
	<Coords points="2595,1873 2629,1873 2629,1927 2595,1927"/>
	<TextEquiv>
	<Unicode>g</Unicode></TextEquiv></Glyph>
	<Glyph id="c456">
	<Coords points="2630,1875 2667,1875 2667,1913 2630,1913"/>
	<TextEquiv>
	<Unicode>u</Unicode></TextEquiv></Glyph>
	<Glyph id="c457">
	<Coords points="2672,1860 2703,1860 2703,1913 2672,1913"/>
	<TextEquiv>
	<Unicode>é</Unicode></TextEquiv></Glyph>
	<Glyph id="c458">
	<Coords points="2704,1876 2741,1876 2741,1929 2704,1929"/>
	<TextEquiv>
	<Unicode>p</Unicode></TextEquiv></Glyph>
	<Glyph id="c459">
	<Coords points="2744,1858 2760,1858 2760,1911 2744,1911"/>
	<TextEquiv>
	<Unicode>i</Unicode></TextEquiv></Glyph>
	<Glyph id="c460">
	<Coords points="2764,1875 2794,1875 2794,1913 2764,1913"/>
	<TextEquiv>
	<Unicode>e</Unicode></TextEquiv></Glyph>
	<Glyph id="c461">
	<Coords points="2797,1875 2826,1875 2826,1912 2797,1912"/>
	<TextEquiv>
	<Unicode>r</Unicode></TextEquiv></Glyph>
	<Glyph id="c462">
	<Coords points="2831,1900 2846,1900 2846,1929 2831,1929"/>
	<TextEquiv>
	<Unicode>,</Unicode></TextEquiv></Glyph>
	<TextEquiv>
	<Unicode>guépier,</Unicode></TextEquiv></Word>
	<Word id="w463">
	<Coords points="2877,1874 2914,1874 2914,1875 2950,1875 2950,1911 2914,1911 2914,1912 2877,1912"/>
	<Glyph id="c464">
	<Coords points="2877,1874 2914,1874 2914,1912 2877,1912"/>
	<TextEquiv>
	<Unicode>n</Unicode></TextEquiv></Glyph>
	<Glyph id="c465">
	<Coords points="2919,1875 2950,1875 2950,1911 2919,1911"/>
	<TextEquiv>
	<Unicode>e</Unicode></TextEquiv></Glyph>
	<TextEquiv>
	<Unicode>ne</Unicode></TextEquiv></Word>
	<TextEquiv>
	<Unicode>teur, voulut-il se retirer dés demain de ce guépier, ne</Unicode></TextEquiv></TextLine>
	<TextLine id="l466">
	<Coords points="1702,1944 1732,1944 1732,1948 1848,1948 1848,1949 2053,1949 2053,1985 2072,1985 2072,1998 1618,1998 1618,2009 2724,2009 2724,2012 1618,2012 1618,2015 1280,2015 1280,2016 1243,2016 1243,1963 1359,1963 1359,1950 1409,1950 1409,1946 1702,1946"/>
	<Word id="w467">
	<Coords points="1359,1950 1381,1950 1381,1999 1353,1999 1353,2000 1280,2000 1280,2016 1243,2016 1243,1963 1359,1963"/>
	<Glyph id="c468">
	<Coords points="1243,1963 1280,1963 1280,2016 1243,2016"/>
	<TextEquiv>
	<Unicode>p</Unicode></TextEquiv></Glyph>
	<Glyph id="c469">
	<Coords points="1284,1963 1314,1963 1314,2000 1284,2000"/>
	<TextEquiv>
	<Unicode>e</Unicode></TextEquiv></Glyph>
	<Glyph id="c470">
	<Coords points="1317,1963 1353,1963 1353,2000 1317,2000"/>
	<TextEquiv>
	<Unicode>u</Unicode></TextEquiv></Glyph>
	<Glyph id="c471">
	<Coords points="1359,1950 1381,1950 1381,1999 1359,1999"/>
	<TextEquiv>
	<Unicode>t</Unicode></TextEquiv></Glyph>
	<TextEquiv>
	<Unicode>peut</Unicode></TextEquiv></Word>
	<Word id="w472">
	<Coords points="1409,1946 1438,1946 1438,1947 1508,1947 1508,1962 1621,1962 1621,1961 1683,1961 1683,1997 1650,1997 1650,1998 1618,1998 1618,2015 1582,2015 1582,2014 1545,2014 1545,1999 1409,1999"/>
	<Glyph id="c473">
	<Coords points="1409,1946 1438,1946 1438,1999 1409,1999"/>
	<TextEquiv>
	<Unicode>é</Unicode></TextEquiv></Glyph>
	<Glyph id="c474">
	<Coords points="1441,1962 1470,1962 1470,1999 1441,1999"/>
	<TextEquiv>
	<Unicode>c</Unicode></TextEquiv></Glyph>
	<Glyph id="c475">
	<Coords points="1473,1947 1508,1947 1508,1999 1473,1999"/>
	<TextEquiv>
	<Unicode>h</Unicode></TextEquiv></Glyph>
	<Glyph id="c476">
	<Coords points="1512,1962 1543,1962 1543,1999 1512,1999"/>
	<TextEquiv>
	<Unicode>a</Unicode></TextEquiv></Glyph>
	<Glyph id="c477">
	<Coords points="1545,1962 1581,1962 1581,2014 1545,2014"/>
	<TextEquiv>
	<Unicode>p</Unicode></TextEquiv></Glyph>
	<Glyph id="c478">
	<Coords points="1582,1962 1618,1962 1618,2015 1582,2015"/>
	<TextEquiv>
	<Unicode>p</Unicode></TextEquiv></Glyph>
	<Glyph id="c479">
	<Coords points="1621,1961 1650,1961 1650,1998 1621,1998"/>
	<TextEquiv>
	<Unicode>e</Unicode></TextEquiv></Glyph>
	<Glyph id="c480">
	<Coords points="1654,1961 1683,1961 1683,1997 1654,1997"/>
	<TextEquiv>
	<Unicode>r</Unicode></TextEquiv></Glyph>
	<TextEquiv>
	<Unicode>échapper</Unicode></TextEquiv></Word>
	<Word id="w481">
	<Coords points="1702,1944 1732,1944 1732,1997 1702,1997"/>
	<Glyph id="c482">
	<Coords points="1702,1944 1732,1944 1732,1997 1702,1997"/>
	<TextEquiv>
	<Unicode>a</Unicode></TextEquiv></Glyph>
	<TextEquiv>
	<Unicode>a</Unicode></TextEquiv></Word>
	<Word id="w483">
	<Coords points="1827,1948 1848,1948 1848,1961 1911,1961 1911,1998 1753,1998 1753,1961 1792,1961 1792,1959 1827,1959"/>
	<Glyph id="c484">
	<Coords points="1753,1961 1789,1961 1789,1998 1753,1998"/>
	<TextEquiv>
	<Unicode>n</Unicode></TextEquiv></Glyph>
	<Glyph id="c485">
	<Coords points="1792,1959 1824,1959 1824,1997 1792,1997"/>
	<TextEquiv>
	<Unicode>o</Unicode></TextEquiv></Glyph>
	<Glyph id="c486">
	<Coords points="1827,1948 1848,1948 1848,1998 1827,1998"/>
	<TextEquiv>
	<Unicode>t</Unicode></TextEquiv></Glyph>
	<Glyph id="c487">
	<Coords points="1851,1961 1879,1961 1879,1997 1851,1997"/>
	<TextEquiv>
	<Unicode>r</Unicode></TextEquiv></Glyph>
	<Glyph id="c488">
	<Coords points="1881,1961 1911,1961 1911,1998 1881,1998"/>
	<TextEquiv>
	<Unicode>e</Unicode></TextEquiv></Glyph>
	<TextEquiv>
	<Unicode>notre</Unicode></TextEquiv></Word>
	<Word id="w489">
	<Coords points="2031,1949 2053,1949 2053,1985 2072,1985 2072,1998 1938,1998 1938,1960 2031,1960"/>
	<Glyph id="c490">
	<Coords points="1938,1960 1964,1960 1964,1998 1938,1998"/>
	<TextEquiv>
	<Unicode>s</Unicode></TextEquiv></Glyph>
	<Glyph id="c491">
	<Coords points="1966,1960 1997,1960 1997,1998 1966,1998"/>
	<TextEquiv>
	<Unicode>o</Unicode></TextEquiv></Glyph>
	<Glyph id="c492">
	<Coords points="2000,1961 2029,1961 2029,1997 2000,1997"/>
	<TextEquiv>
	<Unicode>r</Unicode></TextEquiv></Glyph>
	<Glyph id="c493">
	<Coords points="2031,1949 2053,1949 2053,1998 2031,1998"/>
	<TextEquiv>
	<Unicode>t</Unicode></TextEquiv></Glyph>
	<Glyph id="c494">
	<Coords points="2060,1985 2072,1985 2072,1998 2060,1998"/>
	<TextEquiv>
	<Unicode>.</Unicode></TextEquiv></Glyph>
	<TextEquiv>
	<Unicode>sort.</Unicode></TextEquiv></Word>
	<Word id="w495">
	<Coords points="2722,2009 2724,2009 2724,2012 2722,2012"/>
	<Glyph id="c496">
	<Coords points="2722,2009 2724,2009 2724,2012 2722,2012"/>
	<TextEquiv>
	<Unicode>I</Unicode></TextEquiv></Glyph>
	<TextEquiv>
	<Unicode>I</Unicode></TextEquiv></Word>
	<TextEquiv>
	<Unicode>peut échapper a notre sort. I</Unicode></TextEquiv></TextLine>
	<TextEquiv>
	<Unicode>Et vous voulez que les éditeurs ne se ruinent pas de
fond en comble! En vérité, je vous le dis, pas un édi-
teur, voulut-il se retirer dés demain de ce guépier, ne
peut échapper a notre sort. I</Unicode></TextEquiv></TextRegion>
	<TextRegion id="r497" type="paragraph">
	<Coords points="1746,2032 1842,2032 1842,2048 1896,2048 1896,2049 2036,2049 2036,2034 2053,2034 2053,2048 2167,2048 2167,2033 2256,2033 2256,2049 2370,2049 2370,2034 2386,2034 2386,2035 2407,2035 2407,2038 2510,2038 2510,2052 2631,2052 2631,2037 2668,2037 2668,2053 2799,2053 2799,2040 2816,2040 2816,2039 2830,2039 2830,2040 2887,2040 2887,2055 2950,2055 2950,2168 2945,2168 2945,2323 2951,2323 2951,2361 2947,2361 2947,2503 2948,2503 2948,2580 2949,2580 2949,2630 2946,2630 2946,2719 2847,2719 2847,2718 2737,2718 2737,2732 2703,2732 2703,2731 2635,2731 2635,2714 2504,2714 2504,2730 2468,2730 2468,2714 2289,2714 2289,2743 2272,2743 2272,2744 2252,2744 2252,2745 2231,2745 2231,2746 2211,2746 2211,2747 2191,2747 2191,2748 2170,2748 2170,2749 2150,2749 2150,2750 2129,2750 2129,2751 2109,2751 2109,2752 2088,2752 2088,2753 2068,2753 2068,2754 2047,2754 2047,2755 2027,2755 2027,2756 2007,2756 2007,2757 1986,2757 1986,2758 1966,2758 1966,2759 1945,2759 1945,2760 1925,2760 1925,2761 1904,2761 1904,2762 1884,2762 1884,2763 1865,2763 1865,2764 1844,2764 1844,2765 1824,2765 1824,2766 1803,2766 1803,2767 1783,2767 1783,2768 1762,2768 1762,2769 1742,2769 1742,2770 1721,2770 1721,2771 1701,2771 1701,2772 1681,2772 1681,2773 1660,2773 1660,2774 1640,2774 1640,2775 1619,2775 1619,2776 1599,2776 1599,2777 1578,2777 1578,2778 1558,2778 1558,2779 1538,2779 1538,2780 1517,2780 1517,2781 1497,2781 1497,2782 1476,2782 1476,2783 1456,2783 1456,2784 1453,2784 1453,2802 1404,2802 1404,2803 1306,2803 1306,2804 1275,2804 1275,2819 1237,2819 1237,2768 1242,2768 1242,2678 1244,2678 1244,2448 1243,2448 1243,2395 1244,2395 1244,2285 1241,2285 1241,2233 1246,2233 1246,2143 1279,2143 1279,2142 1321,2142 1321,2035 1371,2035 1371,2050 1667,2050 1667,2038 1746,2038"/>
	<TextLine id="l498">
	<Coords points="1746,2032 1842,2032 1842,2048 1896,2048 1896,2049 2036,2049 2036,2034 2053,2034 2053,2048 2167,2048 2167,2033 2256,2033 2256,2049 2370,2049 2370,2034 2386,2034 2386,2035 2407,2035 2407,2038 2510,2038 2510,2052 2631,2052 2631,2037 2668,2037 2668,2053 2799,2053 2799,2040 2816,2040 2816,2039 2830,2039 2830,2040 2887,2040 2887,2055 2950,2055 2950,2094 2871,2094 2871,2093 2739,2093 2739,2108 2724,2108 2724,2091 2672,2091 2672,2090 2568,2090 2568,2104 2529,2104 2529,2089 2390,2089 2390,2088 2291,2088 2291,2087 2089,2087 2089,2086 1984,2086 1984,2087 1664,2087 1664,2112 1626,2112 1626,2088 1413,2088 1413,2089 1321,2089 1321,2035 1371,2035 1371,2050 1667,2050 1667,2038 1746,2038"/>
	<Word id="w499">
	<Coords points="1321,2035 1371,2035 1371,2052 1413,2052 1413,2089 1321,2089"/>
	<Glyph id="c500">
	<Coords points="1321,2035 1371,2035 1371,2089 1321,2089"/>
	<TextEquiv>
	<Unicode>D</Unicode></TextEquiv></Glyph>
	<Glyph id="c501">
	<Coords points="1378,2052 1413,2052 1413,2089 1378,2089"/>
	<TextEquiv>
	<Unicode>u</Unicode></TextEquiv></Glyph>
	<TextEquiv>
	<Unicode>Du</Unicode></TextEquiv></Word>
	<Word id="w502">
	<Coords points="1667,2038 1688,2038 1688,2087 1664,2087 1664,2112 1626,2112 1626,2088 1442,2088 1442,2050 1667,2050"/>
	<Glyph id="c503">
	<Coords points="1442,2050 1497,2050 1497,2088 1442,2088"/>
	<TextEquiv>
	<Unicode>m</Unicode></TextEquiv></Glyph>
	<Glyph id="c504">
	<Coords points="1499,2050 1531,2050 1531,2088 1499,2088"/>
	<TextEquiv>
	<Unicode>o</Unicode></TextEquiv></Glyph>
	<Glyph id="c505">
	<Coords points="1537,2051 1590,2051 1590,2088 1537,2088"/>
	<TextEquiv>
	<Unicode>m</Unicode></TextEquiv></Glyph>
	<Glyph id="c506">
	<Coords points="1594,2051 1624,2051 1624,2088 1594,2088"/>
	<TextEquiv>
	<Unicode>e</Unicode></TextEquiv></Glyph>
	<Glyph id="c507">
	<Coords points="1626,2050 1664,2050 1664,2112 1626,2112"/>
	<TextEquiv>
	<Unicode>n</Unicode></TextEquiv></Glyph>
	<Glyph id="c508">
	<Coords points="1667,2038 1688,2038 1688,2087 1667,2087"/>
	<TextEquiv>
	<Unicode>t</Unicode></TextEquiv></Glyph>
	<TextEquiv>
	<Unicode>moment</Unicode></TextEquiv></Word>
	<Word id="w509">
	<Coords points="1746,2032 1842,2032 1842,2087 1712,2087 1712,2049 1746,2049"/>
	<Glyph id="c510">
	<Coords points="1712,2049 1744,2049 1744,2087 1712,2087"/>
	<TextEquiv>
	<Unicode>0</Unicode></TextEquiv></Glyph>
	<Glyph id="c511">
	<Coords points="1746,2032 1842,2032 1842,2087 1746,2087"/>
	<TextEquiv>
	<Unicode>qu</Unicode></TextEquiv></Glyph>
	<TextEquiv>
	<Unicode>0qu</Unicode></TextEquiv></Word>
	<Word id="w512">
	<Coords points="1866,2048 1896,2048 1896,2049 2016,2049 2016,2086 1984,2086 1984,2087 1931,2087 1931,2086 1866,2086"/>
	<Glyph id="c513">
	<Coords points="1866,2048 1896,2048 1896,2086 1866,2086"/>
	<TextEquiv>
	<Unicode>c</Unicode></TextEquiv></Glyph>
	<Glyph id="c514">
	<Coords points="1899,2049 1928,2049 1928,2086 1899,2086"/>
	<TextEquiv>
	<Unicode>e</Unicode></TextEquiv></Glyph>
	<Glyph id="c515">
	<Coords points="1931,2049 1956,2049 1956,2087 1931,2087"/>
	<TextEquiv>
	<Unicode>s</Unicode></TextEquiv></Glyph>
	<Glyph id="c516">
	<Coords points="1957,2050 1984,2050 1984,2087 1957,2087"/>
	<TextEquiv>
	<Unicode>s</Unicode></TextEquiv></Glyph>
	<Glyph id="c517">
	<Coords points="1986,2049 2016,2049 2016,2086 1986,2086"/>
	<TextEquiv>
	<Unicode>e</Unicode></TextEquiv></Glyph>
	<TextEquiv>
	<Unicode>cesse</Unicode></TextEquiv></Word>
	<Word id="w518">
	<Coords points="2036,2034 2053,2034 2053,2048 2085,2048 2085,2049 2114,2049 2114,2087 2089,2087 2089,2086 2036,2086"/>
	<Glyph id="c519">
	<Coords points="2036,2034 2053,2034 2053,2086 2036,2086"/>
	<TextEquiv>
	<Unicode>l</Unicode></TextEquiv></Glyph>
	<Glyph id="c520">
	<Coords points="2057,2048 2085,2048 2085,2085 2057,2085"/>
	<TextEquiv>
	<Unicode>e</Unicode></TextEquiv></Glyph>
	<Glyph id="c521">
	<Coords points="2089,2049 2114,2049 2114,2087 2089,2087"/>
	<TextEquiv>
	<Unicode>s</Unicode></TextEquiv></Glyph>
	<TextEquiv>
	<Unicode>les</Unicode></TextEquiv></Word>
	<Word id="w522">
	<Coords points="2167,2033 2256,2033 2256,2049 2322,2049 2322,2050 2350,2050 2350,2088 2291,2088 2291,2087 2133,2087 2133,2049 2167,2049"/>
	<Glyph id="c523">
	<Coords points="2133,2049 2165,2049 2165,2087 2133,2087"/>
	<TextEquiv>
	<Unicode>a</Unicode></TextEquiv></Glyph>
	<Glyph id="c524">
	<Coords points="2167,2033 2193,2033 2193,2086 2167,2086"/>
	<TextEquiv>
	<Unicode>f</Unicode></TextEquiv></Glyph>
	<Glyph id="c525">
	<Coords points="2184,2033 2210,2033 2210,2086 2184,2086"/>
	<TextEquiv>
	<Unicode>f</Unicode></TextEquiv></Glyph>
	<Glyph id="c526">
	<Coords points="2206,2050 2237,2050 2237,2087 2206,2087"/>
	<TextEquiv>
	<Unicode>a</Unicode></TextEquiv></Glyph>
	<Glyph id="c527">
	<Coords points="2241,2033 2256,2033 2256,2087 2241,2087"/>
	<TextEquiv>
	<Unicode>i</Unicode></TextEquiv></Glyph>
	<Glyph id="c528">
	<Coords points="2262,2050 2289,2050 2289,2087 2262,2087"/>
	<TextEquiv>
	<Unicode>r</Unicode></TextEquiv></Glyph>
	<Glyph id="c529">
	<Coords points="2291,2049 2322,2049 2322,2088 2291,2088"/>
	<TextEquiv>
	<Unicode>e</Unicode></TextEquiv></Glyph>
	<Glyph id="c530">
	<Coords points="2324,2050 2350,2050 2350,2088 2324,2088"/>
	<TextEquiv>
	<Unicode>s</Unicode></TextEquiv></Glyph>
	<TextEquiv>
	<Unicode>affaires</Unicode></TextEquiv></Word>
	<Word id="w531">
	<Coords points="2370,2034 2386,2034 2386,2035 2407,2035 2407,2089 2390,2089 2390,2087 2370,2087"/>
	<Glyph id="c532">
	<Coords points="2370,2034 2386,2034 2386,2087 2370,2087"/>
	<TextEquiv>
	<Unicode>i</Unicode></TextEquiv></Glyph>
	<Glyph id="c533">
	<Coords points="2390,2035 2407,2035 2407,2089 2390,2089"/>
	<TextEquiv>
	<Unicode>l</Unicode></TextEquiv></Glyph>
	<TextEquiv>
	<Unicode>il</Unicode></TextEquiv></Word>
	<Word id="w534">
	<Coords points="2490,2038 2510,2038 2510,2088 2457,2088 2457,2089 2428,2089 2428,2050 2460,2050 2460,2049 2490,2049"/>
	<Glyph id="c535">
	<Coords points="2428,2050 2457,2050 2457,2089 2428,2089"/>
	<TextEquiv>
	<Unicode>e</Unicode></TextEquiv></Glyph>
	<Glyph id="c536">
	<Coords points="2460,2049 2485,2049 2485,2087 2460,2087"/>
	<TextEquiv>
	<Unicode>s</Unicode></TextEquiv></Glyph>
	<Glyph id="c537">
	<Coords points="2490,2038 2510,2038 2510,2088 2490,2088"/>
	<TextEquiv>
	<Unicode>t</Unicode></TextEquiv></Glyph>
	<TextEquiv>
	<Unicode>est</Unicode></TextEquiv></Word>
	<Word id="w538">
	<Coords points="2631,2037 2668,2037 2668,2053 2708,2053 2708,2058 2739,2058 2739,2108 2724,2108 2724,2091 2672,2091 2672,2090 2568,2090 2568,2104 2529,2104 2529,2052 2631,2052"/>
	<Glyph id="c539">
	<Coords points="2529,2052 2568,2052 2568,2104 2529,2104"/>
	<TextEquiv>
	<Unicode>p</Unicode></TextEquiv></Glyph>
	<Glyph id="c540">
	<Coords points="2566,2052 2598,2052 2598,2090 2566,2090"/>
	<TextEquiv>
	<Unicode>e</Unicode></TextEquiv></Glyph>
	<Glyph id="c541">
	<Coords points="2601,2053 2630,2053 2630,2088 2601,2088"/>
	<TextEquiv>
	<Unicode>r</Unicode></TextEquiv></Glyph>
	<Glyph id="c542">
	<Coords points="2631,2037 2668,2037 2668,2089 2631,2089"/>
	<TextEquiv>
	<Unicode>d</Unicode></TextEquiv></Glyph>
	<Glyph id="c543">
	<Coords points="2672,2053 2708,2053 2708,2091 2672,2091"/>
	<TextEquiv>
	<Unicode>u</Unicode></TextEquiv></Glyph>
	<Glyph id="c544">
	<Coords points="2724,2058 2739,2058 2739,2108 2724,2108"/>
	<TextEquiv>
	<Unicode>;</Unicode></TextEquiv></Glyph>
	<TextEquiv>
	<Unicode>perdu;</Unicode></TextEquiv></Word>
	<Word id="w545">
	<Coords points="2816,2039 2830,2039 2830,2040 2852,2040 2852,2093 2835,2093 2835,2092 2816,2092 2816,2091 2772,2091 2772,2053 2799,2053 2799,2040 2816,2040"/>
	<Glyph id="c546">
	<Coords points="2772,2053 2798,2053 2798,2091 2772,2091"/>
	<TextEquiv>
	<Unicode>s</Unicode></TextEquiv></Glyph>
	<Glyph id="c547">
	<Coords points="2799,2040 2811,2040 2811,2059 2799,2059"/>
	<TextEquiv>
	<Unicode>’</Unicode></TextEquiv></Glyph>
	<Glyph id="c548">
	<Coords points="2816,2039 2830,2039 2830,2092 2816,2092"/>
	<TextEquiv>
	<Unicode>i</Unicode></TextEquiv></Glyph>
	<Glyph id="c549">
	<Coords points="2835,2040 2852,2040 2852,2093 2835,2093"/>
	<TextEquiv>
	<Unicode>l</Unicode></TextEquiv></Glyph>
	<TextEquiv>
	<Unicode>s’il</Unicode></TextEquiv></Word>
	<Word id="w550">
	<Coords points="2871,2040 2887,2040 2887,2055 2950,2055 2950,2094 2871,2094"/>
	<Glyph id="c551">
	<Coords points="2871,2040 2887,2040 2887,2094 2871,2094"/>
	<TextEquiv>
	<Unicode>l</Unicode></TextEquiv></Glyph>
	<Glyph id="c552">
	<Coords points="2892,2056 2921,2056 2921,2093 2892,2093"/>
	<TextEquiv>
	<Unicode>e</Unicode></TextEquiv></Glyph>
	<Glyph id="c553">
	<Coords points="2923,2055 2950,2055 2950,2094 2923,2094"/>
	<TextEquiv>
	<Unicode>s</Unicode></TextEquiv></Glyph>
	<TextEquiv>
	<Unicode>les</Unicode></TextEquiv></Word>
	<TextEquiv>
	<Unicode>Du moment 0qu cesse les affaires il est perdu; s’il les</Unicode></TextEquiv></TextLine>
	<TextLine id="l554">
	<Coords points="1996,2122 2011,2122 2011,2138 2167,2138 2167,2139 2567,2139 2567,2126 2580,2126 2580,2143 2832,2143 2832,2144 2866,2144 2866,2145 2924,2145 2924,2159 2950,2159 2950,2168 2924,2168 2924,2182 2866,2182 2866,2184 2834,2184 2834,2182 2803,2182 2803,2180 2635,2180 2635,2179 2530,2179 2530,2178 2459,2178 2459,2177 2071,2177 2071,2192 1956,2192 1956,2176 1799,2176 1799,2177 1762,2177 1762,2176 1650,2176 1650,2177 1604,2177 1604,2178 1542,2178 1542,2193 1528,2193 1528,2178 1377,2178 1377,2179 1246,2179 1246,2143 1279,2143 1279,2142 1355,2142 1355,2130 1380,2130 1380,2125 1394,2125 1394,2140 1573,2140 1573,2139 1604,2139 1604,2125 1617,2125 1617,2126 1703,2126 1703,2138 1996,2138"/>
	<Word id="w555">
	<Coords points="1380,2125 1394,2125 1394,2140 1511,2140 1511,2177 1476,2177 1476,2178 1377,2178 1377,2179 1246,2179 1246,2143 1279,2143 1279,2142 1355,2142 1355,2130 1380,2130"/>
	<Glyph id="c556">
	<Coords points="1246,2143 1277,2143 1277,2179 1246,2179"/>
	<TextEquiv>
	<Unicode>c</Unicode></TextEquiv></Glyph>
	<Glyph id="c557">
	<Coords points="1279,2142 1311,2142 1311,2179 1279,2179"/>
	<TextEquiv>
	<Unicode>o</Unicode></TextEquiv></Glyph>
	<Glyph id="c558">
	<Coords points="1316,2143 1352,2143 1352,2179 1316,2179"/>
	<TextEquiv>
	<Unicode>n</Unicode></TextEquiv></Glyph>
	<Glyph id="c559">
	<Coords points="1355,2130 1377,2130 1377,2179 1355,2179"/>
	<TextEquiv>
	<Unicode>t</Unicode></TextEquiv></Glyph>
	<Glyph id="c560">
	<Coords points="1380,2125 1394,2125 1394,2178 1380,2178"/>
	<TextEquiv>
	<Unicode>i</Unicode></TextEquiv></Glyph>
	<Glyph id="c561">
	<Coords points="1400,2142 1437,2142 1437,2178 1400,2178"/>
	<TextEquiv>
	<Unicode>n</Unicode></TextEquiv></Glyph>
	<Glyph id="c562">
	<Coords points="1440,2141 1476,2141 1476,2178 1440,2178"/>
	<TextEquiv>
	<Unicode>u</Unicode></TextEquiv></Glyph>
	<Glyph id="c563">
	<Coords points="1482,2140 1511,2140 1511,2177 1482,2177"/>
	<TextEquiv>
	<Unicode>e</Unicode></TextEquiv></Glyph>
	<TextEquiv>
	<Unicode>continue</Unicode></TextEquiv></Word>
	<Word id="w564">
	<Coords points="1528,2164 1542,2164 1542,2193 1528,2193"/>
	<Glyph id="c565">
	<Coords points="1528,2164 1542,2164 1542,2193 1528,2193"/>
	<TextEquiv>
	<Unicode>,</Unicode></TextEquiv></Glyph>
	<TextEquiv>
	<Unicode>,</Unicode></TextEquiv></Word>
	<Word id="w566">
	<Coords points="1604,2125 1617,2125 1617,2126 1703,2126 1703,2175 1678,2175 1678,2176 1650,2176 1650,2177 1604,2177 1604,2178 1573,2178 1573,2139 1604,2139"/>
	<Glyph id="c567">
	<Coords points="1573,2139 1604,2139 1604,2178 1573,2178"/>
	<TextEquiv>
	<Unicode>c</Unicode></TextEquiv></Glyph>
	<Glyph id="c568">
	<Coords points="1604,2125 1617,2125 1617,2145 1604,2145"/>
	<TextEquiv>
	<Unicode>’</Unicode></TextEquiv></Glyph>
	<Glyph id="c569">
	<Coords points="1620,2139 1650,2139 1650,2177 1620,2177"/>
	<TextEquiv>
	<Unicode>e</Unicode></TextEquiv></Glyph>
	<Glyph id="c570">
	<Coords points="1652,2139 1678,2139 1678,2176 1652,2176"/>
	<TextEquiv>
	<Unicode>s</Unicode></TextEquiv></Glyph>
	<Glyph id="c571">
	<Coords points="1682,2126 1703,2126 1703,2175 1682,2175"/>
	<TextEquiv>
	<Unicode>t</Unicode></TextEquiv></Glyph>
	<TextEquiv>
	<Unicode>c’est</Unicode></TextEquiv></Word>
	<Word id="w572">
	<Coords points="1731,2138 1930,2138 1930,2176 1799,2176 1799,2177 1762,2177 1762,2176 1731,2176"/>
	<Glyph id="c573">
	<Coords points="1731,2138 1760,2138 1760,2176 1731,2176"/>
	<TextEquiv>
	<Unicode>e</Unicode></TextEquiv></Glyph>
	<Glyph id="c574">
	<Coords points="1762,2138 1799,2138 1799,2177 1762,2177"/>
	<TextEquiv>
	<Unicode>n</Unicode></TextEquiv></Glyph>
	<Glyph id="c575">
	<Coords points="1803,2138 1832,2138 1832,2176 1803,2176"/>
	<TextEquiv>
	<Unicode>c</Unicode></TextEquiv></Glyph>
	<Glyph id="c576">
	<Coords points="1834,2138 1866,2138 1866,2176 1834,2176"/>
	<TextEquiv>
	<Unicode>o</Unicode></TextEquiv></Glyph>
	<Glyph id="c577">
	<Coords points="1870,2138 1897,2138 1897,2175 1870,2175"/>
	<TextEquiv>
	<Unicode>r</Unicode></TextEquiv></Glyph>
	<Glyph id="c578">
	<Coords points="1900,2138 1930,2138 1930,2176 1900,2176"/>
	<TextEquiv>
	<Unicode>e</Unicode></TextEquiv></Glyph>
	<TextEquiv>
	<Unicode>encore</Unicode></TextEquiv></Word>
	<Word id="w579">
	<Coords points="1996,2122 2011,2122 2011,2138 2041,2138 2041,2143 2071,2143 2071,2192 1956,2192 1956,2139 1996,2139"/>
	<Glyph id="c580">
	<Coords points="1956,2139 1994,2139 1994,2192 1956,2192"/>
	<TextEquiv>
	<Unicode>p</Unicode></TextEquiv></Glyph>
	<Glyph id="c581">
	<Coords points="1996,2122 2011,2122 2011,2175 1996,2175"/>
	<TextEquiv>
	<Unicode>i</Unicode></TextEquiv></Glyph>
	<Glyph id="c582">
	<Coords points="2016,2138 2041,2138 2041,2176 2016,2176"/>
	<TextEquiv>
	<Unicode>s</Unicode></TextEquiv></Glyph>
	<Glyph id="c583">
	<Coords points="2056,2143 2071,2143 2071,2192 2056,2192"/>
	<TextEquiv>
	<Unicode>;</Unicode></TextEquiv></Glyph>
	<TextEquiv>
	<Unicode>pis;</Unicode></TextEquiv></Word>
	<Word id="w584">
	<Coords points="2104,2138 2167,2138 2167,2139 2317,2139 2317,2177 2135,2177 2135,2176 2104,2176"/>
	<Glyph id="c585">
	<Coords points="2104,2138 2134,2138 2134,2176 2104,2176"/>
	<TextEquiv>
	<Unicode>c</Unicode></TextEquiv></Glyph>
	<Glyph id="c586">
	<Coords points="2135,2138 2167,2138 2167,2177 2135,2177"/>
	<TextEquiv>
	<Unicode>o</Unicode></TextEquiv></Glyph>
	<Glyph id="c587">
	<Coords points="2171,2139 2225,2139 2225,2177 2171,2177"/>
	<TextEquiv>
	<Unicode>m</Unicode></TextEquiv></Glyph>
	<Glyph id="c588">
	<Coords points="2229,2139 2283,2139 2283,2176 2229,2176"/>
	<TextEquiv>
	<Unicode>m</Unicode></TextEquiv></Glyph>
	<Glyph id="c589">
	<Coords points="2287,2139 2317,2139 2317,2177 2287,2177"/>
	<TextEquiv>
	<Unicode>e</Unicode></TextEquiv></Glyph>
	<TextEquiv>
	<Unicode>comme</Unicode></TextEquiv></Word>
	<Word id="w590">
	<Coords points="2366,2139 2398,2139 2398,2141 2437,2141 2437,2177 2339,2177 2339,2140 2366,2140"/>
	<Glyph id="c591">
	<Coords points="2339,2140 2364,2140 2364,2177 2339,2177"/>
	<TextEquiv>
	<Unicode>s</Unicode></TextEquiv></Glyph>
	<Glyph id="c592">
	<Coords points="2366,2139 2398,2139 2398,2177 2366,2177"/>
	<TextEquiv>
	<Unicode>o</Unicode></TextEquiv></Glyph>
	<Glyph id="c593">
	<Coords points="2402,2141 2437,2141 2437,2177 2402,2177"/>
	<TextEquiv>
	<Unicode>n</Unicode></TextEquiv></Glyph>
	<TextEquiv>
	<Unicode>son</Unicode></TextEquiv></Word>
	<Word id="w594">
	<Coords points="2567,2126 2580,2126 2580,2143 2615,2143 2615,2179 2530,2179 2530,2178 2459,2178 2459,2139 2567,2139"/>
	<Glyph id="c595">
	<Coords points="2459,2139 2490,2139 2490,2178 2459,2178"/>
	<TextEquiv>
	<Unicode>a</Unicode></TextEquiv></Glyph>
	<Glyph id="c596">
	<Coords points="2493,2140 2527,2140 2527,2176 2493,2176"/>
	<TextEquiv>
	<Unicode>v</Unicode></TextEquiv></Glyph>
	<Glyph id="c597">
	<Coords points="2530,2142 2562,2142 2562,2179 2530,2179"/>
	<TextEquiv>
	<Unicode>o</Unicode></TextEquiv></Glyph>
	<Glyph id="c598">
	<Coords points="2567,2126 2580,2126 2580,2178 2567,2178"/>
	<TextEquiv>
	<Unicode>i</Unicode></TextEquiv></Glyph>
	<Glyph id="c599">
	<Coords points="2585,2143 2615,2143 2615,2179 2585,2179"/>
	<TextEquiv>
	<Unicode>r</Unicode></TextEquiv></Glyph>
	<TextEquiv>
	<Unicode>avoir</Unicode></TextEquiv></Word>
	<Word id="w600">
	<Coords points="2635,2143 2705,2143 2705,2180 2635,2180"/>
	<Glyph id="c601">
	<Coords points="2635,2143 2672,2143 2672,2180 2635,2180"/>
	<TextEquiv>
	<Unicode>n</Unicode></TextEquiv></Glyph>
	<Glyph id="c602">
	<Coords points="2676,2143 2705,2143 2705,2180 2676,2180"/>
	<TextEquiv>
	<Unicode>e</Unicode></TextEquiv></Glyph>
	<TextEquiv>
	<Unicode>ne</Unicode></TextEquiv></Word>
	<Word id="w603">
	<Coords points="2724,2143 2783,2143 2783,2180 2724,2180"/>
	<Glyph id="c604">
	<Coords points="2724,2143 2750,2143 2750,2180 2724,2180"/>
	<TextEquiv>
	<Unicode>s</Unicode></TextEquiv></Glyph>
	<Glyph id="c605">
	<Coords points="2754,2143 2783,2143 2783,2180 2754,2180"/>
	<TextEquiv>
	<Unicode>e</Unicode></TextEquiv></Glyph>
	<TextEquiv>
	<Unicode>se</Unicode></TextEquiv></Word>
	<Word id="w606">
	<Coords points="2803,2143 2832,2143 2832,2144 2866,2144 2866,2145 2924,2145 2924,2159 2950,2159 2950,2168 2924,2168 2924,2182 2866,2182 2866,2184 2834,2184 2834,2182 2803,2182"/>
	<Glyph id="c607">
	<Coords points="2803,2143 2832,2143 2832,2182 2803,2182"/>
	<TextEquiv>
	<Unicode>c</Unicode></TextEquiv></Glyph>
	<Glyph id="c608">
	<Coords points="2834,2144 2866,2144 2866,2184 2834,2184"/>
	<TextEquiv>
	<Unicode>o</Unicode></TextEquiv></Glyph>
	<Glyph id="c609">
	<Coords points="2869,2145 2924,2145 2924,2182 2869,2182"/>
	<TextEquiv>
	<Unicode>m</Unicode></TextEquiv></Glyph>
	<Glyph id="c610">
	<Coords points="2926,2159 2950,2159 2950,2168 2926,2168"/>
	<TextEquiv>
	<Unicode>-</Unicode></TextEquiv></Glyph>
	<TextEquiv>
	<Unicode>com-</Unicode></TextEquiv></Word>
	<TextEquiv>
	<Unicode>continue , c’est encore pis; comme son avoir ne se com-</Unicode></TextEquiv></TextLine>
	<TextLine id="l611">
	<Coords points="1728,2212 1744,2212 1744,2216 1770,2216 1770,2228 2201,2228 2201,2213 2240,2213 2240,2228 2453,2228 2453,2214 2490,2214 2490,2215 2576,2215 2576,2216 2685,2216 2685,2218 2769,2218 2769,2233 2925,2233 2925,2260 2945,2260 2945,2288 2930,2288 2930,2272 2794,2272 2794,2270 2607,2270 2607,2284 2589,2284 2589,2269 2550,2269 2550,2267 2368,2267 2368,2266 2186,2266 2186,2267 2148,2267 2148,2266 1669,2266 1669,2282 1632,2282 1632,2267 1475,2267 1475,2269 1430,2269 1430,2284 1395,2284 1395,2269 1279,2269 1279,2285 1241,2285 1241,2233 1281,2233 1281,2232 1316,2232 1316,2231 1344,2231 1344,2230 1376,2230 1376,2231 1478,2231 1478,2230 1534,2230 1534,2213 1572,2213 1572,2228 1705,2228 1705,2216 1728,2216"/>
	<Word id="w612">
	<Coords points="1344,2230 1376,2230 1376,2268 1342,2268 1342,2269 1279,2269 1279,2285 1241,2285 1241,2233 1281,2233 1281,2232 1316,2232 1316,2231 1344,2231"/>
	<Glyph id="c613">
	<Coords points="1241,2233 1279,2233 1279,2285 1241,2285"/>
	<TextEquiv>
	<Unicode>p</Unicode></TextEquiv></Glyph>
	<Glyph id="c614">
	<Coords points="1281,2232 1314,2232 1314,2269 1281,2269"/>
	<TextEquiv>
	<Unicode>o</Unicode></TextEquiv></Glyph>
	<Glyph id="c615">
	<Coords points="1316,2231 1342,2231 1342,2269 1316,2269"/>
	<TextEquiv>
	<Unicode>s</Unicode></TextEquiv></Glyph>
	<Glyph id="c616">
	<Coords points="1344,2230 1376,2230 1376,2268 1344,2268"/>
	<TextEquiv>
	<Unicode>e</Unicode></TextEquiv></Glyph>
	<TextEquiv>
	<Unicode>pose</Unicode></TextEquiv></Word>
	<Word id="w617">
	<Coords points="1478,2230 1507,2230 1507,2267 1475,2267 1475,2269 1430,2269 1430,2284 1395,2284 1395,2232 1436,2232 1436,2231 1478,2231"/>
	<Glyph id="c618">
	<Coords points="1395,2232 1430,2232 1430,2284 1395,2284"/>
	<TextEquiv>
	<Unicode>q</Unicode></TextEquiv></Glyph>
	<Glyph id="c619">
	<Coords points="1436,2231 1475,2231 1475,2269 1436,2269"/>
	<TextEquiv>
	<Unicode>u</Unicode></TextEquiv></Glyph>
	<Glyph id="c620">
	<Coords points="1478,2230 1507,2230 1507,2267 1478,2267"/>
	<TextEquiv>
	<Unicode>e</Unicode></TextEquiv></Glyph>
	<TextEquiv>
	<Unicode>que</Unicode></TextEquiv></Word>
	<Word id="w621">
	<Coords points="1534,2213 1572,2213 1572,2229 1605,2229 1605,2266 1572,2266 1572,2267 1534,2267"/>
	<Glyph id="c622">
	<Coords points="1534,2213 1572,2213 1572,2267 1534,2267"/>
	<TextEquiv>
	<Unicode>d</Unicode></TextEquiv></Glyph>
	<Glyph id="c623">
	<Coords points="1575,2229 1605,2229 1605,2266 1575,2266"/>
	<TextEquiv>
	<Unicode>e</Unicode></TextEquiv></Glyph>
	<TextEquiv>
	<Unicode>de</Unicode></TextEquiv></Word>
	<Word id="w624">
	<Coords points="1728,2212 1744,2212 1744,2216 1770,2216 1770,2228 1830,2228 1830,2265 1801,2265 1801,2266 1669,2266 1669,2282 1632,2282 1632,2229 1671,2229 1671,2228 1705,2228 1705,2216 1728,2216"/>
	<Glyph id="c625">
	<Coords points="1632,2229 1669,2229 1669,2282 1632,2282"/>
	<TextEquiv>
	<Unicode>p</Unicode></TextEquiv></Glyph>
	<Glyph id="c626">
	<Coords points="1671,2228 1701,2228 1701,2265 1671,2265"/>
	<TextEquiv>
	<Unicode>e</Unicode></TextEquiv></Glyph>
	<Glyph id="c627">
	<Coords points="1705,2216 1726,2216 1726,2266 1705,2266"/>
	<TextEquiv>
	<Unicode>t</Unicode></TextEquiv></Glyph>
	<Glyph id="c628">
	<Coords points="1728,2212 1744,2212 1744,2265 1728,2265"/>
	<TextEquiv>
	<Unicode>i</Unicode></TextEquiv></Glyph>
	<Glyph id="c629">
	<Coords points="1747,2216 1770,2216 1770,2265 1747,2265"/>
	<TextEquiv>
	<Unicode>t</Unicode></TextEquiv></Glyph>
	<Glyph id="c630">
	<Coords points="1772,2229 1801,2229 1801,2266 1772,2266"/>
	<TextEquiv>
	<Unicode>e</Unicode></TextEquiv></Glyph>
	<Glyph id="c631">
	<Coords points="1804,2228 1830,2228 1830,2265 1804,2265"/>
	<TextEquiv>
	<Unicode>s</Unicode></TextEquiv></Glyph>
	<TextEquiv>
	<Unicode>petites</Unicode></TextEquiv></Word>
	<Word id="w632">
	<Coords points="1856,2228 2095,2228 2095,2266 1856,2266"/>
	<Glyph id="c633">
	<Coords points="1856,2228 1883,2228 1883,2266 1856,2266"/>
	<TextEquiv>
	<Unicode>s</Unicode></TextEquiv></Glyph>
	<Glyph id="c634">
	<Coords points="1884,2228 1916,2228 1916,2265 1884,2265"/>
	<TextEquiv>
	<Unicode>o</Unicode></TextEquiv></Glyph>
	<Glyph id="c635">
	<Coords points="1921,2228 1977,2228 1977,2266 1921,2266"/>
	<TextEquiv>
	<Unicode>m</Unicode></TextEquiv></Glyph>
	<Glyph id="c636">
	<Coords points="1975,2228 2033,2228 2033,2266 1975,2266"/>
	<TextEquiv>
	<Unicode>m</Unicode></TextEquiv></Glyph>
	<Glyph id="c637">
	<Coords points="2036,2228 2066,2228 2066,2265 2036,2265"/>
	<TextEquiv>
	<Unicode>e</Unicode></TextEquiv></Glyph>
	<Glyph id="c638">
	<Coords points="2068,2228 2095,2228 2095,2266 2068,2266"/>
	<TextEquiv>
	<Unicode>s</Unicode></TextEquiv></Glyph>
	<TextEquiv>
	<Unicode>sommes</Unicode></TextEquiv></Word>
	<Word id="w639">
	<Coords points="2201,2213 2240,2213 2240,2228 2365,2228 2365,2229 2435,2229 2435,2267 2368,2267 2368,2266 2186,2266 2186,2267 2148,2267 2148,2266 2114,2266 2114,2228 2201,2228"/>
	<Glyph id="c640">
	<Coords points="2114,2228 2145,2228 2145,2266 2114,2266"/>
	<TextEquiv>
	<Unicode>a</Unicode></TextEquiv></Glyph>
	<Glyph id="c641">
	<Coords points="2148,2229 2186,2229 2186,2267 2148,2267"/>
	<TextEquiv>
	<Unicode>u</Unicode></TextEquiv></Glyph>
	<Glyph id="c642">
	<Coords points="2188,2242 2205,2242 2205,2252 2188,2252"/>
	<TextEquiv>
	<Unicode>-</Unicode></TextEquiv></Glyph>
	<Glyph id="c643">
	<Coords points="2201,2213 2240,2213 2240,2266 2201,2266"/>
	<TextEquiv>
	<Unicode>d</Unicode></TextEquiv></Glyph>
	<Glyph id="c644">
	<Coords points="2245,2229 2275,2229 2275,2266 2245,2266"/>
	<TextEquiv>
	<Unicode>e</Unicode></TextEquiv></Glyph>
	<Glyph id="c645">
	<Coords points="2278,2228 2303,2228 2303,2266 2278,2266"/>
	<TextEquiv>
	<Unicode>s</Unicode></TextEquiv></Glyph>
	<Glyph id="c646">
	<Coords points="2304,2228 2330,2228 2330,2266 2304,2266"/>
	<TextEquiv>
	<Unicode>s</Unicode></TextEquiv></Glyph>
	<Glyph id="c647">
	<Coords points="2332,2228 2365,2228 2365,2266 2332,2266"/>
	<TextEquiv>
	<Unicode>o</Unicode></TextEquiv></Glyph>
	<Glyph id="c648">
	<Coords points="2368,2229 2405,2229 2405,2267 2368,2267"/>
	<TextEquiv>
	<Unicode>u</Unicode></TextEquiv></Glyph>
	<Glyph id="c649">
	<Coords points="2409,2229 2435,2229 2435,2267 2409,2267"/>
	<TextEquiv>
	<Unicode>s</Unicode></TextEquiv></Glyph>
	<TextEquiv>
	<Unicode>au-dessous</Unicode></TextEquiv></Word>
	<Word id="w650">
	<Coords points="2453,2214 2490,2214 2490,2230 2524,2230 2524,2267 2453,2267"/>
	<Glyph id="c651">
	<Coords points="2453,2214 2490,2214 2490,2267 2453,2267"/>
	<TextEquiv>
	<Unicode>d</Unicode></TextEquiv></Glyph>
	<Glyph id="c652">
	<Coords points="2493,2230 2524,2230 2524,2267 2493,2267"/>
	<TextEquiv>
	<Unicode>e</Unicode></TextEquiv></Glyph>
	<TextEquiv>
	<Unicode>de</Unicode></TextEquiv></Word>
	<Word id="w653">
	<Coords points="2550,2215 2576,2215 2576,2269 2550,2269"/>
	<Glyph id="c654">
	<Coords points="2550,2215 2576,2215 2576,2269 2550,2269"/>
	<TextEquiv>
	<Unicode>l</Unicode></TextEquiv></Glyph>
	<TextEquiv>
	<Unicode>l</Unicode></TextEquiv></Word>
	<Word id="w655">
	<Coords points="2610,2216 2685,2216 2685,2218 2724,2218 2724,2270 2607,2270 2607,2284 2589,2284 2589,2256 2610,2256"/>
	<Glyph id="c656">
	<Coords points="2589,2256 2607,2256 2607,2284 2589,2284"/>
	<TextEquiv>
	<Unicode>,</Unicode></TextEquiv></Glyph>
	<Glyph id="c657">
	<Coords points="2610,2216 2647,2216 2647,2269 2610,2269"/>
	<TextEquiv>
	<Unicode>0</Unicode></TextEquiv></Glyph>
	<Glyph id="c658">
	<Coords points="2649,2216 2685,2216 2685,2270 2649,2270"/>
	<TextEquiv>
	<Unicode>0</Unicode></TextEquiv></Glyph>
	<Glyph id="c659">
	<Coords points="2689,2218 2724,2218 2724,2270 2689,2270"/>
	<TextEquiv>
	<Unicode>0</Unicode></TextEquiv></Glyph>
	<TextEquiv>
	<Unicode>,000</Unicode></TextEquiv></Word>
	<Word id="w660">
	<Coords points="2742,2218 2769,2218 2769,2233 2925,2233 2925,2260 2945,2260 2945,2288 2930,2288 2930,2272 2794,2272 2794,2270 2742,2270"/>
	<Glyph id="c661">
	<Coords points="2742,2218 2769,2218 2769,2270 2742,2270"/>
	<TextEquiv>
	<Unicode>f</Unicode></TextEquiv></Glyph>
	<Glyph id="c662">
	<Coords points="2765,2233 2794,2233 2794,2270 2765,2270"/>
	<TextEquiv>
	<Unicode>r</Unicode></TextEquiv></Glyph>
	<Glyph id="c663">
	<Coords points="2794,2234 2826,2234 2826,2272 2794,2272"/>
	<TextEquiv>
	<Unicode>a</Unicode></TextEquiv></Glyph>
	<Glyph id="c664">
	<Coords points="2829,2234 2865,2234 2865,2272 2829,2272"/>
	<TextEquiv>
	<Unicode>n</Unicode></TextEquiv></Glyph>
	<Glyph id="c665">
	<Coords points="2866,2233 2897,2233 2897,2272 2866,2272"/>
	<TextEquiv>
	<Unicode>c</Unicode></TextEquiv></Glyph>
	<Glyph id="c666">
	<Coords points="2899,2233 2925,2233 2925,2272 2899,2272"/>
	<TextEquiv>
	<Unicode>s</Unicode></TextEquiv></Glyph>
	<Glyph id="c667">
	<Coords points="2930,2260 2945,2260 2945,2288 2930,2288"/>
	<TextEquiv>
	<Unicode>,</Unicode></TextEquiv></Glyph>
	<TextEquiv>
	<Unicode>francs,</Unicode></TextEquiv></Word>
	<TextEquiv>
	<Unicode>pose que de petites sommes au-dessous de l ,000 francs,</Unicode></TextEquiv></TextLine>
	<TextLine id="l668">
	<Coords points="1589,2302 1606,2302 1606,2317 1810,2317 1810,2302 1825,2302 1825,2303 1865,2303 1865,2318 2040,2318 2040,2311 2134,2311 2134,2302 2172,2302 2172,2303 2325,2303 2325,2302 2382,2302 2382,2318 2515,2318 2515,2303 2529,2303 2529,2304 2551,2304 2551,2320 2704,2320 2704,2308 2821,2308 2821,2306 2835,2306 2835,2322 2870,2322 2870,2323 2951,2323 2951,2361 2909,2361 2909,2365 2874,2365 2874,2359 2627,2359 2627,2357 2589,2357 2589,2355 2473,2355 2473,2371 2457,2371 2457,2356 2270,2356 2270,2371 2232,2371 2232,2355 2075,2355 2075,2357 2039,2357 2039,2371 2002,2371 2002,2354 1900,2354 1900,2356 1868,2356 1868,2355 1674,2355 1674,2357 1644,2357 1644,2356 1390,2356 1390,2357 1319,2357 1319,2359 1287,2359 1287,2358 1244,2358 1244,2322 1287,2322 1287,2320 1363,2320 1363,2319 1460,2319 1460,2316 1529,2316 1529,2303 1589,2303"/>
	<Word id="w669">
	<Coords points="1363,2319 1390,2319 1390,2357 1319,2357 1319,2359 1287,2359 1287,2358 1244,2358 1244,2322 1287,2322 1287,2320 1363,2320"/>
	<Glyph id="c670">
	<Coords points="1244,2322 1281,2322 1281,2358 1244,2358"/>
	<TextEquiv>
	<Unicode>n</Unicode></TextEquiv></Glyph>
	<Glyph id="c671">
	<Coords points="1287,2320 1319,2320 1319,2359 1287,2359"/>
	<TextEquiv>
	<Unicode>o</Unicode></TextEquiv></Glyph>
	<Glyph id="c672">
	<Coords points="1322,2321 1358,2321 1358,2357 1322,2357"/>
	<TextEquiv>
	<Unicode>u</Unicode></TextEquiv></Glyph>
	<Glyph id="c673">
	<Coords points="1363,2319 1390,2319 1390,2357 1363,2357"/>
	<TextEquiv>
	<Unicode>s</Unicode></TextEquiv></Glyph>
	<TextEquiv>
	<Unicode>nous</Unicode></TextEquiv></Word>
	<Word id="w674">
	<Coords points="1460,2316 1490,2316 1490,2355 1456,2355 1456,2356 1418,2356 1418,2319 1460,2319"/>
	<Glyph id="c675">
	<Coords points="1418,2319 1456,2319 1456,2356 1418,2356"/>
	<TextEquiv>
	<Unicode>n</Unicode></TextEquiv></Glyph>
	<Glyph id="c676">
	<Coords points="1460,2316 1490,2316 1490,2355 1460,2355"/>
	<TextEquiv>
	<Unicode>e</Unicode></TextEquiv></Glyph>
	<TextEquiv>
	<Unicode>ne</Unicode></TextEquiv></Word>
	<Word id="w677">
	<Coords points="1589,2302 1606,2302 1606,2355 1545,2355 1545,2356 1529,2356 1529,2303 1589,2303"/>
	<Glyph id="c678">
	<Coords points="1529,2303 1545,2303 1545,2356 1529,2356"/>
	<TextEquiv>
	<Unicode>l</Unicode></TextEquiv></Glyph>
	<Glyph id="c679">
	<Coords points="1549,2318 1585,2318 1585,2355 1549,2355"/>
	<TextEquiv>
	<Unicode>u</Unicode></TextEquiv></Glyph>
	<Glyph id="c680">
	<Coords points="1589,2302 1606,2302 1606,2355 1589,2355"/>
	<TextEquiv>
	<Unicode>i</Unicode></TextEquiv></Glyph>
	<TextEquiv>
	<Unicode>lui</Unicode></TextEquiv></Word>
	<Word id="w681">
	<Coords points="1810,2302 1825,2302 1825,2303 1865,2303 1865,2318 1970,2318 1970,2354 1900,2354 1900,2356 1868,2356 1868,2355 1674,2355 1674,2357 1644,2357 1644,2319 1674,2319 1674,2317 1810,2317"/>
	<Glyph id="c682">
	<Coords points="1644,2319 1674,2319 1674,2357 1644,2357"/>
	<TextEquiv>
	<Unicode>c</Unicode></TextEquiv></Glyph>
	<Glyph id="c683">
	<Coords points="1674,2317 1707,2317 1707,2355 1674,2355"/>
	<TextEquiv>
	<Unicode>o</Unicode></TextEquiv></Glyph>
	<Glyph id="c684">
	<Coords points="1710,2318 1746,2318 1746,2354 1710,2354"/>
	<TextEquiv>
	<Unicode>n</Unicode></TextEquiv></Glyph>
	<Glyph id="c685">
	<Coords points="1749,2317 1775,2317 1775,2355 1749,2355"/>
	<TextEquiv>
	<Unicode>s</Unicode></TextEquiv></Glyph>
	<Glyph id="c686">
	<Coords points="1777,2318 1807,2318 1807,2354 1777,2354"/>
	<TextEquiv>
	<Unicode>e</Unicode></TextEquiv></Glyph>
	<Glyph id="c687">
	<Coords points="1810,2302 1825,2302 1825,2354 1810,2354"/>
	<TextEquiv>
	<Unicode>i</Unicode></TextEquiv></Glyph>
	<Glyph id="c688">
	<Coords points="1829,2303 1846,2303 1846,2354 1829,2354"/>
	<TextEquiv>
	<Unicode>l</Unicode></TextEquiv></Glyph>
	<Glyph id="c689">
	<Coords points="1849,2303 1865,2303 1865,2355 1849,2355"/>
	<TextEquiv>
	<Unicode>l</Unicode></TextEquiv></Glyph>
	<Glyph id="c690">
	<Coords points="1868,2318 1900,2318 1900,2356 1868,2356"/>
	<TextEquiv>
	<Unicode>o</Unicode></TextEquiv></Glyph>
	<Glyph id="c691">
	<Coords points="1904,2318 1938,2318 1938,2354 1904,2354"/>
	<TextEquiv>
	<Unicode>n</Unicode></TextEquiv></Glyph>
	<Glyph id="c692">
	<Coords points="1943,2318 1970,2318 1970,2354 1943,2354"/>
	<TextEquiv>
	<Unicode>s</Unicode></TextEquiv></Glyph>
	<TextEquiv>
	<Unicode>conseillons</Unicode></TextEquiv></Word>
	<Word id="w693">
	<Coords points="2040,2311 2075,2311 2075,2317 2101,2317 2101,2354 2075,2354 2075,2357 2039,2357 2039,2371 2002,2371 2002,2318 2040,2318"/>
	<Glyph id="c694">
	<Coords points="2002,2318 2039,2318 2039,2371 2002,2371"/>
	<TextEquiv>
	<Unicode>p</Unicode></TextEquiv></Glyph>
	<Glyph id="c695">
	<Coords points="2040,2311 2075,2311 2075,2357 2040,2357"/>
	<TextEquiv>
	<Unicode>a</Unicode></TextEquiv></Glyph>
	<Glyph id="c696">
	<Coords points="2074,2317 2101,2317 2101,2354 2074,2354"/>
	<TextEquiv>
	<Unicode>s</Unicode></TextEquiv></Glyph>
	<TextEquiv>
	<Unicode>pas</Unicode></TextEquiv></Word>
	<Word id="w697">
	<Coords points="2134,2302 2172,2302 2172,2318 2205,2318 2205,2354 2172,2354 2172,2355 2134,2355"/>
	<Glyph id="c698">
	<Coords points="2134,2302 2172,2302 2172,2355 2134,2355"/>
	<TextEquiv>
	<Unicode>d</Unicode></TextEquiv></Glyph>
	<Glyph id="c699">
	<Coords points="2174,2318 2205,2318 2205,2354 2174,2354"/>
	<TextEquiv>
	<Unicode>e</Unicode></TextEquiv></Glyph>
	<TextEquiv>
	<Unicode>de</Unicode></TextEquiv></Word>
	<Word id="w700">
	<Coords points="2325,2302 2382,2302 2382,2318 2445,2318 2445,2343 2473,2343 2473,2371 2457,2371 2457,2356 2270,2356 2270,2371 2232,2371 2232,2318 2272,2318 2272,2303 2325,2303"/>
	<Glyph id="c701">
	<Coords points="2232,2318 2270,2318 2270,2371 2232,2371"/>
	<TextEquiv>
	<Unicode>p</Unicode></TextEquiv></Glyph>
	<Glyph id="c702">
	<Coords points="2272,2303 2287,2303 2287,2354 2272,2354"/>
	<TextEquiv>
	<Unicode>l</Unicode></TextEquiv></Glyph>
	<Glyph id="c703">
	<Coords points="2290,2318 2320,2318 2320,2355 2290,2355"/>
	<TextEquiv>
	<Unicode>a</Unicode></TextEquiv></Glyph>
	<Glyph id="c704">
	<Coords points="2325,2302 2341,2302 2341,2355 2325,2355"/>
	<TextEquiv>
	<Unicode>i</Unicode></TextEquiv></Glyph>
	<Glyph id="c705">
	<Coords points="2344,2302 2382,2302 2382,2356 2344,2356"/>
	<TextEquiv>
	<Unicode>d</Unicode></TextEquiv></Glyph>
	<Glyph id="c706">
	<Coords points="2384,2318 2414,2318 2414,2355 2384,2355"/>
	<TextEquiv>
	<Unicode>e</Unicode></TextEquiv></Glyph>
	<Glyph id="c707">
	<Coords points="2417,2318 2445,2318 2445,2355 2417,2355"/>
	<TextEquiv>
	<Unicode>r</Unicode></TextEquiv></Glyph>
	<Glyph id="c708">
	<Coords points="2457,2343 2473,2343 2473,2371 2457,2371"/>
	<TextEquiv>
	<Unicode>,</Unicode></TextEquiv></Glyph>
	<TextEquiv>
	<Unicode>plaider,</Unicode></TextEquiv></Word>
	<Word id="w709">
	<Coords points="2515,2303 2529,2303 2529,2304 2551,2304 2551,2355 2515,2355"/>
	<Glyph id="c710">
	<Coords points="2515,2303 2529,2303 2529,2355 2515,2355"/>
	<TextEquiv>
	<Unicode>i</Unicode></TextEquiv></Glyph>
	<Glyph id="c711">
	<Coords points="2534,2304 2551,2304 2551,2355 2534,2355"/>
	<TextEquiv>
	<Unicode>l</Unicode></TextEquiv></Glyph>
	<TextEquiv>
	<Unicode>il</Unicode></TextEquiv></Word>
	<Word id="w712">
	<Coords points="2704,2308 2723,2308 2723,2359 2627,2359 2627,2357 2589,2357 2589,2320 2704,2320"/>
	<Glyph id="c713">
	<Coords points="2589,2320 2623,2320 2623,2357 2589,2357"/>
	<TextEquiv>
	<Unicode>v</Unicode></TextEquiv></Glyph>
	<Glyph id="c714">
	<Coords points="2627,2321 2658,2321 2658,2359 2627,2359"/>
	<TextEquiv>
	<Unicode>a</Unicode></TextEquiv></Glyph>
	<Glyph id="c715">
	<Coords points="2661,2322 2698,2322 2698,2359 2661,2359"/>
	<TextEquiv>
	<Unicode>u</Unicode></TextEquiv></Glyph>
	<Glyph id="c716">
	<Coords points="2704,2308 2723,2308 2723,2359 2704,2359"/>
	<TextEquiv>
	<Unicode>t</Unicode></TextEquiv></Glyph>
	<TextEquiv>
	<Unicode>vaut</Unicode></TextEquiv></Word>
	<Word id="w717">
	<Coords points="2821,2306 2835,2306 2835,2322 2870,2322 2870,2323 2951,2323 2951,2361 2909,2361 2909,2365 2874,2365 2874,2359 2762,2359 2762,2322 2821,2322"/>
	<Glyph id="c718">
	<Coords points="2762,2322 2817,2322 2817,2359 2762,2359"/>
	<TextEquiv>
	<Unicode>m</Unicode></TextEquiv></Glyph>
	<Glyph id="c719">
	<Coords points="2821,2306 2835,2306 2835,2359 2821,2359"/>
	<TextEquiv>
	<Unicode>i</Unicode></TextEquiv></Glyph>
	<Glyph id="c720">
	<Coords points="2840,2322 2870,2322 2870,2359 2840,2359"/>
	<TextEquiv>
	<Unicode>e</Unicode></TextEquiv></Glyph>
	<Glyph id="c721">
	<Coords points="2874,2323 2909,2323 2909,2365 2874,2365"/>
	<TextEquiv>
	<Unicode>u</Unicode></TextEquiv></Glyph>
	<Glyph id="c722">
	<Coords points="2914,2323 2951,2323 2951,2361 2914,2361"/>
	<TextEquiv>
	<Unicode>x</Unicode></TextEquiv></Glyph>
	<TextEquiv>
	<Unicode>mieux</Unicode></TextEquiv></Word>
	<TextEquiv>
	<Unicode>nous ne lui conseillons pas de plaider, il vaut mieux</Unicode></TextEquiv></TextLine>
	<TextLine id="l723">
	<Coords points="2011,2391 2027,2391 2027,2407 2132,2407 2132,2406 2211,2406 2211,2393 2319,2393 2319,2392 2339,2392 2339,2391 2477,2391 2477,2408 2658,2408 2658,2409 2773,2409 2773,2399 2819,2399 2819,2395 2875,2395 2875,2413 2947,2413 2947,2449 2773,2449 2773,2448 2598,2448 2598,2445 2427,2445 2427,2444 2260,2444 2260,2445 2187,2445 2187,2460 2171,2460 2171,2444 1934,2444 1934,2445 1646,2445 1646,2458 1612,2458 1612,2446 1450,2446 1450,2447 1351,2447 1351,2449 1299,2449 1299,2450 1267,2450 1267,2448 1243,2448 1243,2395 1302,2395 1302,2394 1316,2394 1316,2409 1493,2409 1493,2408 1612,2408 1612,2407 1649,2407 1649,2392 1663,2392 1663,2408 1990,2408 1990,2392 2011,2392"/>
	<Word id="w724">
	<Coords points="1302,2394 1316,2394 1316,2410 1383,2410 1383,2447 1351,2447 1351,2449 1299,2449 1299,2450 1267,2450 1267,2448 1243,2448 1243,2395 1302,2395"/>
	<Glyph id="c725">
	<Coords points="1243,2395 1271,2395 1271,2448 1243,2448"/>
	<TextEquiv>
	<Unicode>f</Unicode></TextEquiv></Glyph>
	<Glyph id="c726">
	<Coords points="1267,2412 1299,2412 1299,2450 1267,2450"/>
	<TextEquiv>
	<Unicode>a</Unicode></TextEquiv></Glyph>
	<Glyph id="c727">
	<Coords points="1302,2394 1316,2394 1316,2448 1302,2448"/>
	<TextEquiv>
	<Unicode>i</Unicode></TextEquiv></Glyph>
	<Glyph id="c728">
	<Coords points="1321,2411 1351,2411 1351,2449 1321,2449"/>
	<TextEquiv>
	<Unicode>r</Unicode></TextEquiv></Glyph>
	<Glyph id="c729">
	<Coords points="1352,2410 1383,2410 1383,2447 1352,2447"/>
	<TextEquiv>
	<Unicode>e</Unicode></TextEquiv></Glyph>
	<TextEquiv>
	<Unicode>faire</Unicode></TextEquiv></Word>
	<Word id="w730">
	<Coords points="1493,2408 1524,2408 1524,2445 1489,2445 1489,2446 1450,2446 1450,2447 1411,2447 1411,2409 1493,2409"/>
	<Glyph id="c731">
	<Coords points="1411,2409 1450,2409 1450,2447 1411,2447"/>
	<TextEquiv>
	<Unicode>u</Unicode></TextEquiv></Glyph>
	<Glyph id="c732">
	<Coords points="1452,2409 1489,2409 1489,2446 1452,2446"/>
	<TextEquiv>
	<Unicode>n</Unicode></TextEquiv></Glyph>
	<Glyph id="c733">
	<Coords points="1493,2408 1524,2408 1524,2445 1493,2445"/>
	<TextEquiv>
	<Unicode>e</Unicode></TextEquiv></Glyph>
	<TextEquiv>
	<Unicode>une</Unicode></TextEquiv></Word>
	<Word id="w734">
	<Coords points="1649,2392 1663,2392 1663,2408 1704,2408 1704,2445 1646,2445 1646,2458 1612,2458 1612,2446 1551,2446 1551,2408 1612,2408 1612,2407 1649,2407"/>
	<Glyph id="c735">
	<Coords points="1551,2408 1581,2408 1581,2446 1551,2446"/>
	<TextEquiv>
	<Unicode>c</Unicode></TextEquiv></Glyph>
	<Glyph id="c736">
	<Coords points="1582,2408 1611,2408 1611,2444 1582,2444"/>
	<TextEquiv>
	<Unicode>r</Unicode></TextEquiv></Glyph>
	<Glyph id="c737">
	<Coords points="1612,2407 1646,2407 1646,2458 1612,2458"/>
	<TextEquiv>
	<Unicode>o</Unicode></TextEquiv></Glyph>
	<Glyph id="c738">
	<Coords points="1649,2392 1663,2392 1663,2444 1649,2444"/>
	<TextEquiv>
	<Unicode>i</Unicode></TextEquiv></Glyph>
	<Glyph id="c739">
	<Coords points="1668,2408 1704,2408 1704,2445 1668,2445"/>
	<TextEquiv>
	<Unicode>x</Unicode></TextEquiv></Glyph>
	<TextEquiv>
	<Unicode>croix</Unicode></TextEquiv></Word>
	<Word id="w740">
	<Coords points="1740,2408 1838,2408 1838,2444 1806,2444 1806,2445 1740,2445"/>
	<Glyph id="c741">
	<Coords points="1740,2408 1766,2408 1766,2445 1740,2445"/>
	<TextEquiv>
	<Unicode>s</Unicode></TextEquiv></Glyph>
	<Glyph id="c742">
	<Coords points="1768,2408 1806,2408 1806,2445 1768,2445"/>
	<TextEquiv>
	<Unicode>u</Unicode></TextEquiv></Glyph>
	<Glyph id="c743">
	<Coords points="1811,2408 1838,2408 1838,2444 1811,2444"/>
	<TextEquiv>
	<Unicode>r</Unicode></TextEquiv></Glyph>
	<TextEquiv>
	<Unicode>sur</Unicode></TextEquiv></Word>
	<Word id="w744">
	<Coords points="1876,2408 1962,2408 1962,2444 1934,2444 1934,2445 1904,2445 1904,2444 1876,2444"/>
	<Glyph id="c745">
	<Coords points="1876,2408 1902,2408 1902,2444 1876,2444"/>
	<TextEquiv>
	<Unicode>s</Unicode></TextEquiv></Glyph>
	<Glyph id="c746">
	<Coords points="1904,2408 1934,2408 1934,2445 1904,2445"/>
	<TextEquiv>
	<Unicode>e</Unicode></TextEquiv></Glyph>
	<Glyph id="c747">
	<Coords points="1936,2408 1962,2408 1962,2444 1936,2444"/>
	<TextEquiv>
	<Unicode>s</Unicode></TextEquiv></Glyph>
	<TextEquiv>
	<Unicode>ses</Unicode></TextEquiv></Word>
	<Word id="w748">
	<Coords points="2011,2391 2027,2391 2027,2407 2132,2407 2132,2406 2158,2406 2158,2411 2187,2411 2187,2460 2171,2460 2171,2444 1990,2444 1990,2392 2011,2392"/>
	<Glyph id="c749">
	<Coords points="1990,2392 2006,2392 2006,2444 1990,2444"/>
	<TextEquiv>
	<Unicode>l</Unicode></TextEquiv></Glyph>
	<Glyph id="c750">
	<Coords points="2011,2391 2027,2391 2027,2444 2011,2444"/>
	<TextEquiv>
	<Unicode>i</Unicode></TextEquiv></Glyph>
	<Glyph id="c751">
	<Coords points="2031,2407 2066,2407 2066,2443 2031,2443"/>
	<TextEquiv>
	<Unicode>v</Unicode></TextEquiv></Glyph>
	<Glyph id="c752">
	<Coords points="2069,2407 2097,2407 2097,2444 2069,2444"/>
	<TextEquiv>
	<Unicode>r</Unicode></TextEquiv></Glyph>
	<Glyph id="c753">
	<Coords points="2100,2407 2129,2407 2129,2444 2100,2444"/>
	<TextEquiv>
	<Unicode>e</Unicode></TextEquiv></Glyph>
	<Glyph id="c754">
	<Coords points="2132,2406 2158,2406 2158,2444 2132,2444"/>
	<TextEquiv>
	<Unicode>s</Unicode></TextEquiv></Glyph>
	<Glyph id="c755">
	<Coords points="2171,2411 2187,2411 2187,2460 2171,2460"/>
	<TextEquiv>
	<Unicode>;</Unicode></TextEquiv></Glyph>
	<TextEquiv>
	<Unicode>livres;</Unicode></TextEquiv></Word>
	<Word id="w756">
	<Coords points="2211,2393 2228,2393 2228,2407 2290,2407 2290,2444 2260,2444 2260,2445 2232,2445 2232,2444 2211,2444"/>
	<Glyph id="c757">
	<Coords points="2211,2393 2228,2393 2228,2444 2211,2444"/>
	<TextEquiv>
	<Unicode>l</Unicode></TextEquiv></Glyph>
	<Glyph id="c758">
	<Coords points="2232,2407 2260,2407 2260,2445 2232,2445"/>
	<TextEquiv>
	<Unicode>e</Unicode></TextEquiv></Glyph>
	<Glyph id="c759">
	<Coords points="2264,2407 2290,2407 2290,2444 2264,2444"/>
	<TextEquiv>
	<Unicode>s</Unicode></TextEquiv></Glyph>
	<TextEquiv>
	<Unicode>les</Unicode></TextEquiv></Word>
	<Word id="w760">
	<Coords points="2339,2391 2477,2391 2477,2408 2573,2408 2573,2445 2427,2445 2427,2444 2319,2444 2319,2392 2339,2392"/>
	<Glyph id="c761">
	<Coords points="2319,2392 2335,2392 2335,2444 2319,2444"/>
	<TextEquiv>
	<Unicode>l</Unicode></TextEquiv></Glyph>
	<Glyph id="c762">
	<Coords points="2339,2391 2354,2391 2354,2444 2339,2444"/>
	<TextEquiv>
	<Unicode>i</Unicode></TextEquiv></Glyph>
	<Glyph id="c763">
	<Coords points="2359,2391 2394,2391 2394,2444 2359,2444"/>
	<TextEquiv>
	<Unicode>b</Unicode></TextEquiv></Glyph>
	<Glyph id="c764">
	<Coords points="2397,2407 2426,2407 2426,2444 2397,2444"/>
	<TextEquiv>
	<Unicode>r</Unicode></TextEquiv></Glyph>
	<Glyph id="c765">
	<Coords points="2427,2407 2459,2407 2459,2445 2427,2445"/>
	<TextEquiv>
	<Unicode>a</Unicode></TextEquiv></Glyph>
	<Glyph id="c766">
	<Coords points="2461,2391 2477,2391 2477,2444 2461,2444"/>
	<TextEquiv>
	<Unicode>i</Unicode></TextEquiv></Glyph>
	<Glyph id="c767">
	<Coords points="2482,2408 2510,2408 2510,2444 2482,2444"/>
	<TextEquiv>
	<Unicode>r</Unicode></TextEquiv></Glyph>
	<Glyph id="c768">
	<Coords points="2513,2408 2542,2408 2542,2445 2513,2445"/>
	<TextEquiv>
	<Unicode>e</Unicode></TextEquiv></Glyph>
	<Glyph id="c769">
	<Coords points="2546,2408 2573,2408 2573,2445 2546,2445"/>
	<TextEquiv>
	<Unicode>s</Unicode></TextEquiv></Glyph>
	<TextEquiv>
	<Unicode>libraires</Unicode></TextEquiv></Word>
	<Word id="w770">
	<Coords points="2773,2399 2794,2399 2794,2449 2773,2449 2773,2448 2598,2448 2598,2408 2658,2408 2658,2409 2773,2409"/>
	<Glyph id="c771">
	<Coords points="2598,2408 2626,2408 2626,2448 2598,2448"/>
	<TextEquiv>
	<Unicode>s</Unicode></TextEquiv></Glyph>
	<Glyph id="c772">
	<Coords points="2624,2408 2658,2408 2658,2448 2624,2448"/>
	<TextEquiv>
	<Unicode>a</Unicode></TextEquiv></Glyph>
	<Glyph id="c773">
	<Coords points="2660,2409 2696,2409 2696,2447 2660,2447"/>
	<TextEquiv>
	<Unicode>v</Unicode></TextEquiv></Glyph>
	<Glyph id="c774">
	<Coords points="2699,2410 2730,2410 2730,2448 2699,2448"/>
	<TextEquiv>
	<Unicode>e</Unicode></TextEquiv></Glyph>
	<Glyph id="c775">
	<Coords points="2732,2411 2768,2411 2768,2448 2732,2448"/>
	<TextEquiv>
	<Unicode>n</Unicode></TextEquiv></Glyph>
	<Glyph id="c776">
	<Coords points="2773,2399 2794,2399 2794,2449 2773,2449"/>
	<TextEquiv>
	<Unicode>t</Unicode></TextEquiv></Glyph>
	<TextEquiv>
	<Unicode>savent</Unicode></TextEquiv></Word>
	<Word id="w777">
	<Coords points="2819,2395 2875,2395 2875,2413 2947,2413 2947,2449 2819,2449"/>
	<Glyph id="c778">
	<Coords points="2819,2395 2856,2395 2856,2449 2819,2449"/>
	<TextEquiv>
	<Unicode>b</Unicode></TextEquiv></Glyph>
	<Glyph id="c779">
	<Coords points="2859,2395 2875,2395 2875,2448 2859,2448"/>
	<TextEquiv>
	<Unicode>i</Unicode></TextEquiv></Glyph>
	<Glyph id="c780">
	<Coords points="2879,2413 2908,2413 2908,2449 2879,2449"/>
	<TextEquiv>
	<Unicode>e</Unicode></TextEquiv></Glyph>
	<Glyph id="c781">
	<Coords points="2911,2413 2947,2413 2947,2449 2911,2449"/>
	<TextEquiv>
	<Unicode>n</Unicode></TextEquiv></Glyph>
	<TextEquiv>
	<Unicode>bien</Unicode></TextEquiv></Word>
	<TextEquiv>
	<Unicode>faire une croix sur ses livres; les libraires savent bien</Unicode></TextEquiv></TextLine>
	<TextLine id="l782">
	<Coords points="1892,2479 1907,2479 1907,2481 1975,2481 1975,2495 2010,2495 2010,2496 2112,2496 2112,2479 2127,2479 2127,2483 2289,2483 2289,2495 2410,2495 2410,2497 2607,2497 2607,2482 2637,2482 2637,2498 2666,2498 2666,2499 2790,2499 2790,2485 2805,2485 2805,2500 2872,2500 2872,2501 2914,2501 2914,2503 2948,2503 2948,2539 2872,2539 2872,2554 2834,2554 2834,2553 2707,2553 2707,2552 2671,2552 2671,2536 2507,2536 2507,2549 2471,2549 2471,2534 2291,2534 2291,2533 1626,2533 1626,2534 1553,2534 1553,2535 1532,2535 1532,2534 1322,2534 1322,2535 1280,2535 1280,2552 1244,2552 1244,2500 1285,2500 1285,2498 1325,2498 1325,2484 1337,2484 1337,2498 1440,2498 1440,2481 1472,2481 1472,2480 1527,2480 1527,2484 1553,2484 1553,2495 1719,2495 1719,2480 1731,2480 1731,2495 1892,2495"/>
	<Word id="w783">
	<Coords points="1325,2484 1337,2484 1337,2498 1419,2498 1419,2534 1322,2534 1322,2535 1280,2535 1280,2552 1244,2552 1244,2500 1285,2500 1285,2498 1325,2498"/>
	<Glyph id="c784">
	<Coords points="1244,2500 1280,2500 1280,2552 1244,2552"/>
	<TextEquiv>
	<Unicode>q</Unicode></TextEquiv></Glyph>
	<Glyph id="c785">
	<Coords points="1285,2498 1322,2498 1322,2535 1285,2535"/>
	<TextEquiv>
	<Unicode>u</Unicode></TextEquiv></Glyph>
	<Glyph id="c786">
	<Coords points="1325,2484 1337,2484 1337,2503 1325,2503"/>
	<TextEquiv>
	<Unicode>’</Unicode></TextEquiv></Glyph>
	<Glyph id="c787">
	<Coords points="1342,2498 1377,2498 1377,2534 1342,2534"/>
	<TextEquiv>
	<Unicode>u</Unicode></TextEquiv></Glyph>
	<Glyph id="c788">
	<Coords points="1382,2498 1419,2498 1419,2534 1382,2534"/>
	<TextEquiv>
	<Unicode>n</Unicode></TextEquiv></Glyph>
	<TextEquiv>
	<Unicode>qu’un</Unicode></TextEquiv></Word>
	<Word id="w789">
	<Coords points="1472,2480 1527,2480 1527,2484 1553,2484 1553,2495 1659,2495 1659,2532 1626,2532 1626,2534 1553,2534 1553,2535 1532,2535 1532,2534 1440,2534 1440,2481 1472,2481"/>
	<Glyph id="c790">
	<Coords points="1440,2481 1470,2481 1470,2534 1440,2534"/>
	<TextEquiv>
	<Unicode>é</Unicode></TextEquiv></Glyph>
	<Glyph id="c791">
	<Coords points="1472,2480 1510,2480 1510,2534 1472,2534"/>
	<TextEquiv>
	<Unicode>d</Unicode></TextEquiv></Glyph>
	<Glyph id="c792">
	<Coords points="1508,2480 1527,2480 1527,2534 1508,2534"/>
	<TextEquiv>
	<Unicode>i</Unicode></TextEquiv></Glyph>
	<Glyph id="c793">
	<Coords points="1532,2484 1553,2484 1553,2535 1532,2535"/>
	<TextEquiv>
	<Unicode>t</Unicode></TextEquiv></Glyph>
	<Glyph id="c794">
	<Coords points="1555,2496 1585,2496 1585,2533 1555,2533"/>
	<TextEquiv>
	<Unicode>e</Unicode></TextEquiv></Glyph>
	<Glyph id="c795">
	<Coords points="1588,2497 1626,2497 1626,2534 1588,2534"/>
	<TextEquiv>
	<Unicode>u</Unicode></TextEquiv></Glyph>
	<Glyph id="c796">
	<Coords points="1630,2495 1659,2495 1659,2532 1630,2532"/>
	<TextEquiv>
	<Unicode>r</Unicode></TextEquiv></Glyph>
	<TextEquiv>
	<Unicode>éditeur</Unicode></TextEquiv></Word>
	<Word id="w797">
	<Coords points="1892,2479 1907,2479 1907,2482 1935,2482 1935,2532 1907,2532 1907,2533 1680,2533 1680,2496 1719,2496 1719,2480 1731,2480 1731,2495 1892,2495"/>
	<Glyph id="c798">
	<Coords points="1680,2496 1716,2496 1716,2533 1680,2533"/>
	<TextEquiv>
	<Unicode>n</Unicode></TextEquiv></Glyph>
	<Glyph id="c799">
	<Coords points="1719,2480 1731,2480 1731,2500 1719,2500"/>
	<TextEquiv>
	<Unicode>’</Unicode></TextEquiv></Glyph>
	<Glyph id="c800">
	<Coords points="1732,2495 1765,2495 1765,2533 1732,2533"/>
	<TextEquiv>
	<Unicode>o</Unicode></TextEquiv></Glyph>
	<Glyph id="c801">
	<Coords points="1767,2495 1794,2495 1794,2533 1767,2533"/>
	<TextEquiv>
	<Unicode>s</Unicode></TextEquiv></Glyph>
	<Glyph id="c802">
	<Coords points="1796,2495 1826,2495 1826,2533 1796,2533"/>
	<TextEquiv>
	<Unicode>e</Unicode></TextEquiv></Glyph>
	<Glyph id="c803">
	<Coords points="1828,2496 1857,2496 1857,2533 1828,2533"/>
	<TextEquiv>
	<Unicode>r</Unicode></TextEquiv></Glyph>
	<Glyph id="c804">
	<Coords points="1859,2496 1890,2496 1890,2533 1859,2533"/>
	<TextEquiv>
	<Unicode>a</Unicode></TextEquiv></Glyph>
	<Glyph id="c805">
	<Coords points="1892,2479 1907,2479 1907,2533 1892,2533"/>
	<TextEquiv>
	<Unicode>i</Unicode></TextEquiv></Glyph>
	<Glyph id="c806">
	<Coords points="1912,2482 1935,2482 1935,2532 1912,2532"/>
	<TextEquiv>
	<Unicode>t</Unicode></TextEquiv></Glyph>
	<TextEquiv>
	<Unicode>n’oserait</Unicode></TextEquiv></Word>
	<Word id="w807">
	<Coords points="1960,2481 1975,2481 1975,2495 2010,2495 2010,2496 2085,2496 2085,2533 1980,2533 1980,2532 1960,2532"/>
	<Glyph id="c808">
	<Coords points="1960,2481 1975,2481 1975,2532 1960,2532"/>
	<TextEquiv>
	<Unicode>l</Unicode></TextEquiv></Glyph>
	<Glyph id="c809">
	<Coords points="1980,2495 2010,2495 2010,2533 1980,2533"/>
	<TextEquiv>
	<Unicode>e</Unicode></TextEquiv></Glyph>
	<Glyph id="c810">
	<Coords points="2014,2496 2051,2496 2051,2533 2014,2533"/>
	<TextEquiv>
	<Unicode>u</Unicode></TextEquiv></Glyph>
	<Glyph id="c811">
	<Coords points="2054,2496 2085,2496 2085,2533 2054,2533"/>
	<TextEquiv>
	<Unicode>r</Unicode></TextEquiv></Glyph>
	<TextEquiv>
	<Unicode>leur</Unicode></TextEquiv></Word>
	<Word id="w812">
	<Coords points="2112,2479 2127,2479 2127,2483 2289,2483 2289,2496 2353,2496 2353,2532 2321,2532 2321,2534 2291,2534 2291,2533 2132,2533 2132,2532 2112,2532"/>
	<Glyph id="c813">
	<Coords points="2112,2479 2127,2479 2127,2532 2112,2532"/>
	<TextEquiv>
	<Unicode>i</Unicode></TextEquiv></Glyph>
	<Glyph id="c814">
	<Coords points="2132,2495 2168,2495 2168,2533 2132,2533"/>
	<TextEquiv>
	<Unicode>n</Unicode></TextEquiv></Glyph>
	<Glyph id="c815">
	<Coords points="2171,2483 2192,2483 2192,2533 2171,2533"/>
	<TextEquiv>
	<Unicode>t</Unicode></TextEquiv></Glyph>
	<Glyph id="c816">
	<Coords points="2195,2495 2225,2495 2225,2532 2195,2532"/>
	<TextEquiv>
	<Unicode>e</Unicode></TextEquiv></Glyph>
	<Glyph id="c817">
	<Coords points="2227,2496 2264,2496 2264,2533 2227,2533"/>
	<TextEquiv>
	<Unicode>n</Unicode></TextEquiv></Glyph>
	<Glyph id="c818">
	<Coords points="2267,2483 2289,2483 2289,2533 2267,2533"/>
	<TextEquiv>
	<Unicode>t</Unicode></TextEquiv></Glyph>
	<Glyph id="c819">
	<Coords points="2291,2496 2321,2496 2321,2534 2291,2534"/>
	<TextEquiv>
	<Unicode>e</Unicode></TextEquiv></Glyph>
	<Glyph id="c820">
	<Coords points="2324,2496 2353,2496 2353,2532 2324,2532"/>
	<TextEquiv>
	<Unicode>r</Unicode></TextEquiv></Glyph>
	<TextEquiv>
	<Unicode>intenter</Unicode></TextEquiv></Word>
	<Word id="w821">
	<Coords points="2373,2495 2410,2495 2410,2497 2452,2497 2452,2534 2373,2534"/>
	<Glyph id="c822">
	<Coords points="2373,2495 2410,2495 2410,2534 2373,2534"/>
	<TextEquiv>
	<Unicode>u</Unicode></TextEquiv></Glyph>
	<Glyph id="c823">
	<Coords points="2416,2497 2452,2497 2452,2534 2416,2534"/>
	<TextEquiv>
	<Unicode>n</Unicode></TextEquiv></Glyph>
	<TextEquiv>
	<Unicode>un</Unicode></TextEquiv></Word>
	<Word id="w824">
	<Coords points="2607,2482 2637,2482 2637,2498 2666,2498 2666,2523 2686,2523 2686,2552 2671,2552 2671,2536 2507,2536 2507,2549 2471,2549 2471,2497 2607,2497"/>
	<Glyph id="c825">
	<Coords points="2471,2497 2507,2497 2507,2549 2471,2549"/>
	<TextEquiv>
	<Unicode>p</Unicode></TextEquiv></Glyph>
	<Glyph id="c826">
	<Coords points="2510,2498 2539,2498 2539,2534 2510,2534"/>
	<TextEquiv>
	<Unicode>r</Unicode></TextEquiv></Glyph>
	<Glyph id="c827">
	<Coords points="2540,2497 2572,2497 2572,2534 2540,2534"/>
	<TextEquiv>
	<Unicode>o</Unicode></TextEquiv></Glyph>
	<Glyph id="c828">
	<Coords points="2575,2498 2605,2498 2605,2535 2575,2535"/>
	<TextEquiv>
	<Unicode>c</Unicode></TextEquiv></Glyph>
	<Glyph id="c829">
	<Coords points="2607,2482 2637,2482 2637,2536 2607,2536"/>
	<TextEquiv>
	<Unicode>e</Unicode></TextEquiv></Glyph>
	<Glyph id="c830">
	<Coords points="2639,2498 2666,2498 2666,2535 2639,2535"/>
	<TextEquiv>
	<Unicode>s</Unicode></TextEquiv></Glyph>
	<Glyph id="c831">
	<Coords points="2671,2523 2686,2523 2686,2552 2671,2552"/>
	<TextEquiv>
	<Unicode>,</Unicode></TextEquiv></Glyph>
	<TextEquiv>
	<Unicode>proces,</Unicode></TextEquiv></Word>
	<Word id="w832">
	<Coords points="2790,2485 2805,2485 2805,2500 2872,2500 2872,2501 2914,2501 2914,2503 2948,2503 2948,2539 2872,2539 2872,2554 2834,2554 2834,2553 2707,2553 2707,2499 2790,2499"/>
	<Glyph id="c833">
	<Coords points="2707,2499 2745,2499 2745,2553 2707,2553"/>
	<TextEquiv>
	<Unicode>p</Unicode></TextEquiv></Glyph>
	<Glyph id="c834">
	<Coords points="2747,2499 2785,2499 2785,2537 2747,2537"/>
	<TextEquiv>
	<Unicode>u</Unicode></TextEquiv></Glyph>
	<Glyph id="c835">
	<Coords points="2790,2485 2805,2485 2805,2537 2790,2537"/>
	<TextEquiv>
	<Unicode>i</Unicode></TextEquiv></Glyph>
	<Glyph id="c836">
	<Coords points="2809,2500 2837,2500 2837,2538 2809,2538"/>
	<TextEquiv>
	<Unicode>s</Unicode></TextEquiv></Glyph>
	<Glyph id="c837">
	<Coords points="2834,2500 2872,2500 2872,2554 2834,2554"/>
	<TextEquiv>
	<Unicode>q</Unicode></TextEquiv></Glyph>
	<Glyph id="c838">
	<Coords points="2876,2501 2914,2501 2914,2538 2876,2538"/>
	<TextEquiv>
	<Unicode>u</Unicode></TextEquiv></Glyph>
	<Glyph id="c839">
	<Coords points="2918,2503 2948,2503 2948,2539 2918,2539"/>
	<TextEquiv>
	<Unicode>e</Unicode></TextEquiv></Glyph>
	<TextEquiv>
	<Unicode>puisque</Unicode></TextEquiv></Word>
	<TextEquiv>
	<Unicode>qu’un éditeur n’oserait leur intenter un proces, puisque</Unicode></TextEquiv></TextLine>
	<TextLine id="l840">
	<Coords points="2120,2568 2135,2568 2135,2574 2254,2574 2254,2568 2270,2568 2270,2570 2444,2570 2444,2571 2485,2571 2485,2573 2503,2573 2503,2588 2671,2588 2671,2576 2712,2576 2712,2575 2747,2575 2747,2573 2761,2573 2761,2575 2860,2575 2860,2577 2923,2577 2923,2580 2949,2580 2949,2630 2926,2630 2926,2629 2807,2629 2807,2628 2766,2628 2766,2627 2631,2627 2631,2625 2541,2625 2541,2624 2275,2624 2275,2623 1888,2623 1888,2624 1733,2624 1733,2623 1614,2623 1614,2639 1592,2639 1592,2624 1295,2624 1295,2625 1264,2625 1264,2624 1244,2624 1244,2573 1347,2573 1347,2572 1434,2572 1434,2570 1449,2570 1449,2571 1539,2571 1539,2572 1729,2572 1729,2585 1850,2585 1850,2570 2120,2570"/>
	<Word id="w841">
	<Coords points="1244,2573 1260,2573 1260,2588 1322,2588 1322,2624 1295,2624 1295,2625 1264,2625 1264,2624 1244,2624"/>
	<Glyph id="c842">
	<Coords points="1244,2573 1260,2573 1260,2624 1244,2624"/>
	<TextEquiv>
	<Unicode>l</Unicode></TextEquiv></Glyph>
	<Glyph id="c843">
	<Coords points="1264,2588 1295,2588 1295,2625 1264,2625"/>
	<TextEquiv>
	<Unicode>e</Unicode></TextEquiv></Glyph>
	<Glyph id="c844">
	<Coords points="1296,2588 1322,2588 1322,2624 1296,2624"/>
	<TextEquiv>
	<Unicode>s</Unicode></TextEquiv></Glyph>
	<TextEquiv>
	<Unicode>les</Unicode></TextEquiv></Word>
	<Word id="w845">
	<Coords points="1434,2570 1449,2570 1449,2586 1479,2586 1479,2624 1347,2624 1347,2572 1434,2572"/>
	<Glyph id="c846">
	<Coords points="1347,2572 1372,2572 1372,2624 1347,2624"/>
	<TextEquiv>
	<Unicode>f</Unicode></TextEquiv></Glyph>
	<Glyph id="c847">
	<Coords points="1369,2588 1397,2588 1397,2624 1369,2624"/>
	<TextEquiv>
	<Unicode>r</Unicode></TextEquiv></Glyph>
	<Glyph id="c848">
	<Coords points="1399,2587 1430,2587 1430,2624 1399,2624"/>
	<TextEquiv>
	<Unicode>a</Unicode></TextEquiv></Glyph>
	<Glyph id="c849">
	<Coords points="1434,2570 1449,2570 1449,2623 1434,2623"/>
	<TextEquiv>
	<Unicode>i</Unicode></TextEquiv></Glyph>
	<Glyph id="c850">
	<Coords points="1452,2586 1479,2586 1479,2624 1452,2624"/>
	<TextEquiv>
	<Unicode>s</Unicode></TextEquiv></Glyph>
	<TextEquiv>
	<Unicode>frais</Unicode></TextEquiv></Word>
	<Word id="w851">
	<Coords points="1501,2571 1539,2571 1539,2585 1571,2585 1571,2624 1501,2624"/>
	<Glyph id="c852">
	<Coords points="1501,2571 1539,2571 1539,2624 1501,2624"/>
	<TextEquiv>
	<Unicode>d</Unicode></TextEquiv></Glyph>
	<Glyph id="c853">
	<Coords points="1541,2585 1571,2585 1571,2624 1541,2624"/>
	<TextEquiv>
	<Unicode>e</Unicode></TextEquiv></Glyph>
	<TextEquiv>
	<Unicode>de</Unicode></TextEquiv></Word>
	<Word id="w854">
	<Coords points="1592,2572 1729,2572 1729,2585 1762,2585 1762,2586 1795,2586 1795,2623 1762,2623 1762,2624 1733,2624 1733,2623 1614,2623 1614,2639 1592,2639"/>
	<Glyph id="c855">
	<Coords points="1592,2572 1614,2572 1614,2639 1592,2639"/>
	<TextEquiv>
	<Unicode>j</Unicode></TextEquiv></Glyph>
	<Glyph id="c856">
	<Coords points="1620,2586 1655,2586 1655,2623 1620,2623"/>
	<TextEquiv>
	<Unicode>u</Unicode></TextEquiv></Glyph>
	<Glyph id="c857">
	<Coords points="1661,2586 1687,2586 1687,2623 1661,2623"/>
	<TextEquiv>
	<Unicode>s</Unicode></TextEquiv></Glyph>
	<Glyph id="c858">
	<Coords points="1690,2573 1711,2573 1711,2623 1690,2623"/>
	<TextEquiv>
	<Unicode>t</Unicode></TextEquiv></Glyph>
	<Glyph id="c859">
	<Coords points="1713,2572 1729,2572 1729,2623 1713,2623"/>
	<TextEquiv>
	<Unicode>i</Unicode></TextEquiv></Glyph>
	<Glyph id="c860">
	<Coords points="1733,2585 1762,2585 1762,2624 1733,2624"/>
	<TextEquiv>
	<Unicode>c</Unicode></TextEquiv></Glyph>
	<Glyph id="c861">
	<Coords points="1765,2586 1795,2586 1795,2623 1765,2623"/>
	<TextEquiv>
	<Unicode>e</Unicode></TextEquiv></Glyph>
	<TextEquiv>
	<Unicode>justice</Unicode></TextEquiv></Word>
	<Word id="w862">
	<Coords points="2120,2568 2135,2568 2135,2574 2235,2574 2235,2623 1888,2623 1888,2624 1850,2624 1850,2623 1817,2623 1817,2586 1850,2586 1850,2570 2120,2570"/>
	<Glyph id="c863">
	<Coords points="1817,2586 1848,2586 1848,2623 1817,2623"/>
	<TextEquiv>
	<Unicode>a</Unicode></TextEquiv></Glyph>
	<Glyph id="c864">
	<Coords points="1850,2570 1888,2570 1888,2624 1850,2624"/>
	<TextEquiv>
	<Unicode>b</Unicode></TextEquiv></Glyph>
	<Glyph id="c865">
	<Coords points="1889,2585 1915,2585 1915,2623 1889,2623"/>
	<TextEquiv>
	<Unicode>s</Unicode></TextEquiv></Glyph>
	<Glyph id="c866">
	<Coords points="1918,2585 1950,2585 1950,2623 1918,2623"/>
	<TextEquiv>
	<Unicode>o</Unicode></TextEquiv></Glyph>
	<Glyph id="c867">
	<Coords points="1953,2586 1981,2586 1981,2622 1953,2622"/>
	<TextEquiv>
	<Unicode>r</Unicode></TextEquiv></Glyph>
	<Glyph id="c868">
	<Coords points="1983,2570 2020,2570 2020,2623 1983,2623"/>
	<TextEquiv>
	<Unicode>b</Unicode></TextEquiv></Glyph>
	<Glyph id="c869">
	<Coords points="2022,2586 2051,2586 2051,2623 2022,2623"/>
	<TextEquiv>
	<Unicode>e</Unicode></TextEquiv></Glyph>
	<Glyph id="c870">
	<Coords points="2055,2585 2084,2585 2084,2622 2055,2622"/>
	<TextEquiv>
	<Unicode>r</Unicode></TextEquiv></Glyph>
	<Glyph id="c871">
	<Coords points="2084,2585 2116,2585 2116,2623 2084,2623"/>
	<TextEquiv>
	<Unicode>a</Unicode></TextEquiv></Glyph>
	<Glyph id="c872">
	<Coords points="2120,2568 2135,2568 2135,2622 2120,2622"/>
	<TextEquiv>
	<Unicode>i</Unicode></TextEquiv></Glyph>
	<Glyph id="c873">
	<Coords points="2140,2585 2170,2585 2170,2622 2140,2622"/>
	<TextEquiv>
	<Unicode>e</Unicode></TextEquiv></Glyph>
	<Glyph id="c874">
	<Coords points="2174,2586 2209,2586 2209,2623 2174,2623"/>
	<TextEquiv>
	<Unicode>n</Unicode></TextEquiv></Glyph>
	<Glyph id="c875">
	<Coords points="2212,2574 2235,2574 2235,2623 2212,2623"/>
	<TextEquiv>
	<Unicode>t</Unicode></TextEquiv></Glyph>
	<TextEquiv>
	<Unicode>absorberaient</Unicode></TextEquiv></Word>
	<Word id="w876">
	<Coords points="2254,2568 2270,2568 2270,2570 2444,2570 2444,2571 2485,2571 2485,2573 2503,2573 2503,2588 2671,2588 2671,2576 2694,2576 2694,2626 2667,2626 2667,2627 2631,2627 2631,2625 2541,2625 2541,2624 2275,2624 2275,2622 2254,2622"/>
	<Glyph id="c877">
	<Coords points="2254,2568 2270,2568 2270,2622 2254,2622"/>
	<TextEquiv>
	<Unicode>i</Unicode></TextEquiv></Glyph>
	<Glyph id="c878">
	<Coords points="2275,2585 2312,2585 2312,2624 2275,2624"/>
	<TextEquiv>
	<Unicode>n</Unicode></TextEquiv></Glyph>
	<Glyph id="c879">
	<Coords points="2308,2579 2312,2579 2312,2583 2308,2583"/>
	<TextEquiv>
	<Unicode>‘</Unicode></TextEquiv></Glyph>
	<Glyph id="c880">
	<Coords points="2315,2570 2340,2570 2340,2623 2315,2623"/>
	<TextEquiv>
	<Unicode>f</Unicode></TextEquiv></Glyph>
	<Glyph id="c881">
	<Coords points="2336,2586 2367,2586 2367,2624 2336,2624"/>
	<TextEquiv>
	<Unicode>a</Unicode></TextEquiv></Glyph>
	<Glyph id="c882">
	<Coords points="2370,2570 2386,2570 2386,2623 2370,2623"/>
	<TextEquiv>
	<Unicode>i</Unicode></TextEquiv></Glyph>
	<Glyph id="c883">
	<Coords points="2390,2572 2404,2572 2404,2623 2390,2623"/>
	<TextEquiv>
	<Unicode>l</Unicode></TextEquiv></Glyph>
	<Glyph id="c884">
	<Coords points="2409,2572 2425,2572 2425,2624 2409,2624"/>
	<TextEquiv>
	<Unicode>l</Unicode></TextEquiv></Glyph>
	<Glyph id="c885">
	<Coords points="2430,2570 2444,2570 2444,2623 2430,2623"/>
	<TextEquiv>
	<Unicode>i</Unicode></TextEquiv></Glyph>
	<Glyph id="c886">
	<Coords points="2448,2571 2485,2571 2485,2624 2448,2624"/>
	<TextEquiv>
	<Unicode>b</Unicode></TextEquiv></Glyph>
	<Glyph id="c887">
	<Coords points="2488,2573 2503,2573 2503,2624 2488,2624"/>
	<TextEquiv>
	<Unicode>l</Unicode></TextEquiv></Glyph>
	<Glyph id="c888">
	<Coords points="2508,2588 2537,2588 2537,2624 2508,2624"/>
	<TextEquiv>
	<Unicode>e</Unicode></TextEquiv></Glyph>
	<Glyph id="c889">
	<Coords points="2541,2588 2595,2588 2595,2625 2541,2625"/>
	<TextEquiv>
	<Unicode>m</Unicode></TextEquiv></Glyph>
	<Glyph id="c890">
	<Coords points="2598,2588 2628,2588 2628,2625 2598,2625"/>
	<TextEquiv>
	<Unicode>e</Unicode></TextEquiv></Glyph>
	<Glyph id="c891">
	<Coords points="2631,2588 2667,2588 2667,2627 2631,2627"/>
	<TextEquiv>
	<Unicode>n</Unicode></TextEquiv></Glyph>
	<Glyph id="c892">
	<Coords points="2671,2576 2694,2576 2694,2626 2671,2626"/>
	<TextEquiv>
	<Unicode>t</Unicode></TextEquiv></Glyph>
	<TextEquiv>
	<Unicode>in‘failliblement</Unicode></TextEquiv></Word>
	<Word id="w893">
	<Coords points="2747,2573 2761,2573 2761,2575 2860,2575 2860,2577 2923,2577 2923,2580 2949,2580 2949,2630 2926,2630 2926,2629 2807,2629 2807,2628 2766,2628 2766,2627 2747,2627 2747,2626 2712,2626 2712,2575 2747,2575"/>
	<Glyph id="c894">
	<Coords points="2712,2575 2729,2575 2729,2626 2712,2626"/>
	<TextEquiv>
	<Unicode>l</Unicode></TextEquiv></Glyph>
	<Glyph id="c895">
	<Coords points="2731,2575 2743,2575 2743,2595 2731,2595"/>
	<TextEquiv>
	<Unicode>’</Unicode></TextEquiv></Glyph>
	<Glyph id="c896">
	<Coords points="2747,2573 2761,2573 2761,2627 2747,2627"/>
	<TextEquiv>
	<Unicode>i</Unicode></TextEquiv></Glyph>
	<Glyph id="c897">
	<Coords points="2766,2591 2802,2591 2802,2628 2766,2628"/>
	<TextEquiv>
	<Unicode>n</Unicode></TextEquiv></Glyph>
	<Glyph id="c898">
	<Coords points="2807,2578 2827,2578 2827,2629 2807,2629"/>
	<TextEquiv>
	<Unicode>t</Unicode></TextEquiv></Glyph>
	<Glyph id="c899">
	<Coords points="2830,2575 2860,2575 2860,2629 2830,2629"/>
	<TextEquiv>
	<Unicode>é</Unicode></TextEquiv></Glyph>
	<Glyph id="c900">
	<Coords points="2863,2592 2892,2592 2892,2628 2863,2628"/>
	<TextEquiv>
	<Unicode>r</Unicode></TextEquiv></Glyph>
	<Glyph id="c901">
	<Coords points="2894,2577 2923,2577 2923,2629 2894,2629"/>
	<TextEquiv>
	<Unicode>é</Unicode></TextEquiv></Glyph>
	<Glyph id="c902">
	<Coords points="2926,2580 2949,2580 2949,2630 2926,2630"/>
	<TextEquiv>
	<Unicode>t</Unicode></TextEquiv></Glyph>
	<TextEquiv>
	<Unicode>l’intérét</Unicode></TextEquiv></Word>
	<TextEquiv>
	<Unicode>les frais de justice absorberaient in‘failliblement l’intérét</Unicode></TextEquiv></TextLine>
	<TextLine id="l903">
	<Coords points="1605,2658 1621,2658 1621,2660 1699,2660 1699,2675 1839,2675 1839,2659 1855,2659 1855,2663 1882,2663 1882,2675 1994,2675 1994,2661 2010,2661 2010,2659 2025,2659 2025,2660 2046,2660 2046,2675 2183,2675 2183,2659 2220,2659 2220,2676 2354,2676 2354,2675 2386,2675 2386,2659 2404,2659 2404,2663 2431,2663 2431,2678 2549,2678 2549,2662 2579,2662 2579,2663 2600,2663 2600,2679 2737,2679 2737,2681 2907,2681 2907,2683 2946,2683 2946,2719 2847,2719 2847,2718 2737,2718 2737,2732 2703,2732 2703,2731 2635,2731 2635,2714 2504,2714 2504,2730 2468,2730 2468,2714 2283,2714 2283,2729 2269,2729 2269,2713 2118,2713 2118,2729 2082,2729 2082,2713 1950,2713 1950,2729 1913,2729 1913,2714 1860,2714 1860,2713 1730,2713 1730,2729 1714,2729 1714,2714 1602,2714 1602,2729 1567,2729 1567,2713 1378,2713 1378,2714 1274,2714 1274,2715 1242,2715 1242,2678 1276,2678 1276,2677 1348,2677 1348,2676 1412,2676 1412,2662 1430,2662 1430,2675 1605,2675"/>
	<Word id="w904">
	<Coords points="1348,2676 1378,2676 1378,2714 1274,2714 1274,2715 1242,2715 1242,2678 1276,2678 1276,2677 1348,2677"/>
	<Glyph id="c905">
	<Coords points="1242,2678 1274,2678 1274,2715 1242,2715"/>
	<TextEquiv>
	<Unicode>a</Unicode></TextEquiv></Glyph>
	<Glyph id="c906">
	<Coords points="1276,2677 1312,2677 1312,2714 1276,2714"/>
	<TextEquiv>
	<Unicode>v</Unicode></TextEquiv></Glyph>
	<Glyph id="c907">
	<Coords points="1315,2677 1344,2677 1344,2714 1315,2714"/>
	<TextEquiv>
	<Unicode>e</Unicode></TextEquiv></Glyph>
	<Glyph id="c908">
	<Coords points="1348,2676 1378,2676 1378,2714 1348,2714"/>
	<TextEquiv>
	<Unicode>c</Unicode></TextEquiv></Glyph>
	<TextEquiv>
	<Unicode>avec</Unicode></TextEquiv></Word>
	<Word id="w909">
	<Coords points="1412,2662 1430,2662 1430,2676 1462,2676 1462,2713 1412,2713"/>
	<Glyph id="c910">
	<Coords points="1412,2662 1430,2662 1430,2713 1412,2713"/>
	<TextEquiv>
	<Unicode>l</Unicode></TextEquiv></Glyph>
	<Glyph id="c911">
	<Coords points="1432,2676 1462,2676 1462,2713 1432,2713"/>
	<TextEquiv>
	<Unicode>e</Unicode></TextEquiv></Glyph>
	<TextEquiv>
	<Unicode>le</Unicode></TextEquiv></Word>
	<Word id="w912">
	<Coords points="1605,2658 1621,2658 1621,2660 1699,2660 1699,2699 1730,2699 1730,2729 1714,2729 1714,2714 1602,2714 1602,2729 1567,2729 1567,2713 1503,2713 1503,2675 1605,2675"/>
	<Glyph id="c913">
	<Coords points="1503,2675 1533,2675 1533,2713 1503,2713"/>
	<TextEquiv>
	<Unicode>c</Unicode></TextEquiv></Glyph>
	<Glyph id="c914">
	<Coords points="1531,2675 1564,2675 1564,2713 1531,2713"/>
	<TextEquiv>
	<Unicode>a</Unicode></TextEquiv></Glyph>
	<Glyph id="c915">
	<Coords points="1567,2677 1602,2677 1602,2729 1567,2729"/>
	<TextEquiv>
	<Unicode>p</Unicode></TextEquiv></Glyph>
	<Glyph id="c916">
	<Coords points="1605,2658 1621,2658 1621,2712 1605,2712"/>
	<TextEquiv>
	<Unicode>i</Unicode></TextEquiv></Glyph>
	<Glyph id="c917">
	<Coords points="1625,2663 1647,2663 1647,2712 1625,2712"/>
	<TextEquiv>
	<Unicode>t</Unicode></TextEquiv></Glyph>
	<Glyph id="c918">
	<Coords points="1649,2676 1680,2676 1680,2714 1649,2714"/>
	<TextEquiv>
	<Unicode>a</Unicode></TextEquiv></Glyph>
	<Glyph id="c919">
	<Coords points="1682,2660 1699,2660 1699,2713 1682,2713"/>
	<TextEquiv>
	<Unicode>l</Unicode></TextEquiv></Glyph>
	<Glyph id="c920">
	<Coords points="1714,2699 1730,2699 1730,2729 1714,2729"/>
	<TextEquiv>
	<Unicode>,</Unicode></TextEquiv></Glyph>
	<TextEquiv>
	<Unicode>capital,</Unicode></TextEquiv></Word>
	<Word id="w921">
	<Coords points="1839,2659 1855,2659 1855,2663 1882,2663 1882,2714 1860,2714 1860,2713 1776,2713 1776,2675 1839,2675"/>
	<Glyph id="c922">
	<Coords points="1776,2675 1804,2675 1804,2713 1776,2713"/>
	<TextEquiv>
	<Unicode>s</Unicode></TextEquiv></Glyph>
	<Glyph id="c923">
	<Coords points="1801,2675 1835,2675 1835,2713 1801,2713"/>
	<TextEquiv>
	<Unicode>o</Unicode></TextEquiv></Glyph>
	<Glyph id="c924">
	<Coords points="1839,2659 1855,2659 1855,2713 1839,2713"/>
	<TextEquiv>
	<Unicode>i</Unicode></TextEquiv></Glyph>
	<Glyph id="c925">
	<Coords points="1860,2663 1882,2663 1882,2714 1860,2714"/>
	<TextEquiv>
	<Unicode>t</Unicode></TextEquiv></Glyph>
	<TextEquiv>
	<Unicode>soit</Unicode></TextEquiv></Word>
	<Word id="w926">
	<Coords points="2010,2659 2025,2659 2025,2660 2046,2660 2046,2712 1991,2712 1991,2713 1950,2713 1950,2729 1913,2729 1913,2676 1954,2676 1954,2675 1994,2675 1994,2661 2010,2661"/>
	<Glyph id="c927">
	<Coords points="1913,2676 1950,2676 1950,2729 1913,2729"/>
	<TextEquiv>
	<Unicode>q</Unicode></TextEquiv></Glyph>
	<Glyph id="c928">
	<Coords points="1954,2675 1991,2675 1991,2713 1954,2713"/>
	<TextEquiv>
	<Unicode>u</Unicode></TextEquiv></Glyph>
	<Glyph id="c929">
	<Coords points="1994,2661 2007,2661 2007,2681 1994,2681"/>
	<TextEquiv>
	<Unicode>’</Unicode></TextEquiv></Glyph>
	<Glyph id="c930">
	<Coords points="2010,2659 2025,2659 2025,2711 2010,2711"/>
	<TextEquiv>
	<Unicode>i</Unicode></TextEquiv></Glyph>
	<Glyph id="c931">
	<Coords points="2029,2660 2046,2660 2046,2712 2029,2712"/>
	<TextEquiv>
	<Unicode>l</Unicode></TextEquiv></Glyph>
	<TextEquiv>
	<Unicode>qu’il</Unicode></TextEquiv></Word>
	<Word id="w932">
	<Coords points="2183,2659 2220,2659 2220,2676 2252,2676 2252,2700 2283,2700 2283,2729 2269,2729 2269,2713 2118,2713 2118,2729 2082,2729 2082,2676 2120,2676 2120,2675 2183,2675"/>
	<Glyph id="c933">
	<Coords points="2082,2676 2118,2676 2118,2729 2082,2729"/>
	<TextEquiv>
	<Unicode>p</Unicode></TextEquiv></Glyph>
	<Glyph id="c934">
	<Coords points="2120,2675 2150,2675 2150,2713 2120,2713"/>
	<TextEquiv>
	<Unicode>e</Unicode></TextEquiv></Glyph>
	<Glyph id="c935">
	<Coords points="2153,2675 2182,2675 2182,2712 2153,2712"/>
	<TextEquiv>
	<Unicode>r</Unicode></TextEquiv></Glyph>
	<Glyph id="c936">
	<Coords points="2183,2659 2220,2659 2220,2713 2183,2713"/>
	<TextEquiv>
	<Unicode>d</Unicode></TextEquiv></Glyph>
	<Glyph id="c937">
	<Coords points="2223,2676 2252,2676 2252,2712 2223,2712"/>
	<TextEquiv>
	<Unicode>e</Unicode></TextEquiv></Glyph>
	<Glyph id="c938">
	<Coords points="2269,2700 2283,2700 2283,2729 2269,2729"/>
	<TextEquiv>
	<Unicode>,</Unicode></TextEquiv></Glyph>
	<TextEquiv>
	<Unicode>perde,</Unicode></TextEquiv></Word>
	<Word id="w939">
	<Coords points="2386,2659 2404,2659 2404,2663 2431,2663 2431,2714 2326,2714 2326,2676 2354,2676 2354,2675 2386,2675"/>
	<Glyph id="c940">
	<Coords points="2326,2676 2351,2676 2351,2714 2326,2714"/>
	<TextEquiv>
	<Unicode>s</Unicode></TextEquiv></Glyph>
	<Glyph id="c941">
	<Coords points="2354,2675 2388,2675 2388,2714 2354,2714"/>
	<TextEquiv>
	<Unicode>o</Unicode></TextEquiv></Glyph>
	<Glyph id="c942">
	<Coords points="2386,2659 2404,2659 2404,2714 2386,2714"/>
	<TextEquiv>
	<Unicode>i</Unicode></TextEquiv></Glyph>
	<Glyph id="c943">
	<Coords points="2409,2663 2431,2663 2431,2714 2409,2714"/>
	<TextEquiv>
	<Unicode>t</Unicode></TextEquiv></Glyph>
	<TextEquiv>
	<Unicode>soit</Unicode></TextEquiv></Word>
	<Word id="w944">
	<Coords points="2549,2662 2579,2662 2579,2663 2600,2663 2600,2714 2504,2714 2504,2730 2468,2730 2468,2678 2549,2678"/>
	<Glyph id="c945">
	<Coords points="2468,2678 2504,2678 2504,2730 2468,2730"/>
	<TextEquiv>
	<Unicode>q</Unicode></TextEquiv></Glyph>
	<Glyph id="c946">
	<Coords points="2509,2678 2545,2678 2545,2714 2509,2714"/>
	<TextEquiv>
	<Unicode>u</Unicode></TextEquiv></Glyph>
	<Glyph id="c947">
	<Coords points="2549,2662 2561,2662 2561,2681 2549,2681"/>
	<TextEquiv>
	<Unicode>’</Unicode></TextEquiv></Glyph>
	<Glyph id="c948">
	<Coords points="2565,2662 2579,2662 2579,2714 2565,2714"/>
	<TextEquiv>
	<Unicode>i</Unicode></TextEquiv></Glyph>
	<Glyph id="c949">
	<Coords points="2584,2663 2600,2663 2600,2714 2584,2714"/>
	<TextEquiv>
	<Unicode>l</Unicode></TextEquiv></Glyph>
	<TextEquiv>
	<Unicode>qu’il</Unicode></TextEquiv></Word>
	<Word id="w950">
	<Coords points="2635,2679 2737,2679 2737,2681 2809,2681 2809,2718 2737,2718 2737,2732 2703,2732 2703,2731 2635,2731"/>
	<Glyph id="c951">
	<Coords points="2635,2679 2670,2679 2670,2731 2635,2731"/>
	<TextEquiv>
	<Unicode>g</Unicode></TextEquiv></Glyph>
	<Glyph id="c952">
	<Coords points="2670,2679 2700,2679 2700,2717 2670,2717"/>
	<TextEquiv>
	<Unicode>a</Unicode></TextEquiv></Glyph>
	<Glyph id="c953">
	<Coords points="2703,2679 2737,2679 2737,2732 2703,2732"/>
	<TextEquiv>
	<Unicode>g</Unicode></TextEquiv></Glyph>
	<Glyph id="c954">
	<Coords points="2740,2681 2775,2681 2775,2718 2740,2718"/>
	<TextEquiv>
	<Unicode>n</Unicode></TextEquiv></Glyph>
	<Glyph id="c955">
	<Coords points="2779,2681 2809,2681 2809,2718 2779,2718"/>
	<TextEquiv>
	<Unicode>e</Unicode></TextEquiv></Glyph>
	<TextEquiv>
	<Unicode>gagne</Unicode></TextEquiv></Word>
	<Word id="w956">
	<Coords points="2847,2681 2907,2681 2907,2683 2946,2683 2946,2719 2847,2719"/>
	<Glyph id="c957">
	<Coords points="2847,2681 2876,2681 2876,2719 2847,2719"/>
	<TextEquiv>
	<Unicode>s</Unicode></TextEquiv></Glyph>
	<Glyph id="c958">
	<Coords points="2874,2681 2907,2681 2907,2719 2874,2719"/>
	<TextEquiv>
	<Unicode>o</Unicode></TextEquiv></Glyph>
	<Glyph id="c959">
	<Coords points="2911,2683 2946,2683 2946,2719 2911,2719"/>
	<TextEquiv>
	<Unicode>n</Unicode></TextEquiv></Glyph>
	<TextEquiv>
	<Unicode>son</Unicode></TextEquiv></Word>
	<TextEquiv>
	<Unicode>avec le capital, soit qu’il perde, soit qu’il gagne son</Unicode></TextEquiv></TextLine>
	<TextLine id="l960">
	<Coords points="2270,2734 2289,2734 2289,2743 2272,2743 2272,2744 2252,2744 2252,2745 2231,2745 2231,2746 2211,2746 2211,2747 2191,2747 2191,2748 2170,2748 2170,2749 2150,2749 2150,2750 2129,2750 2129,2751 2109,2751 2109,2752 2088,2752 2088,2753 2068,2753 2068,2754 2047,2754 2047,2755 2027,2755 2027,2756 2007,2756 2007,2757 1986,2757 1986,2758 1966,2758 1966,2759 1945,2759 1945,2760 1925,2760 1925,2761 1904,2761 1904,2762 1884,2762 1884,2763 1865,2763 1865,2764 1844,2764 1844,2765 1824,2765 1824,2766 1803,2766 1803,2767 1783,2767 1783,2768 1762,2768 1762,2769 1742,2769 1742,2770 1721,2770 1721,2771 1701,2771 1701,2772 1681,2772 1681,2773 1660,2773 1660,2774 1640,2774 1640,2775 1619,2775 1619,2776 1599,2776 1599,2777 1578,2777 1578,2778 1558,2778 1558,2779 1538,2779 1538,2780 1517,2780 1517,2781 1497,2781 1497,2782 1476,2782 1476,2783 1456,2783 1456,2784 1435,2784 1435,2785 1432,2785 1432,2788 1453,2788 1453,2802 1404,2802 1404,2803 1306,2803 1306,2804 1275,2804 1275,2819 1237,2819 1237,2768 1277,2768 1277,2767 1307,2767 1307,2765 1374,2765 1374,2749 1404,2749 1404,2765 1432,2765 1432,2775 1454,2775 1454,2774 1474,2774 1474,2773 1495,2773 1495,2772 1515,2772 1515,2771 1536,2771 1536,2770 1556,2770 1556,2769 1576,2769 1576,2768 1597,2768 1597,2767 1617,2767 1617,2766 1638,2766 1638,2765 1658,2765 1658,2764 1679,2764 1679,2763 1699,2763 1699,2762 1719,2762 1719,2761 1740,2761 1740,2760 1760,2760 1760,2759 1781,2759 1781,2758 1801,2758 1801,2757 1822,2757 1822,2756 1842,2756 1842,2755 1863,2755 1863,2754 1882,2754 1882,2753 1902,2753 1902,2752 1923,2752 1923,2751 1943,2751 1943,2750 1964,2750 1964,2749 1984,2749 1984,2748 2005,2748 2005,2747 2025,2747 2025,2746 2045,2746 2045,2745 2066,2745 2066,2744 2086,2744 2086,2743 2107,2743 2107,2742 2127,2742 2127,2741 2148,2741 2148,2740 2168,2740 2168,2739 2189,2739 2189,2738 2209,2738 2209,2737 2229,2737 2229,2736 2250,2736 2250,2735 2270,2735"/>
	<Word id="w961">
	<Coords points="1374,2749 1404,2749 1404,2765 1432,2765 1432,2788 1453,2788 1453,2802 1404,2802 1404,2803 1306,2803 1306,2804 1275,2804 1275,2819 1237,2819 1237,2768 1277,2768 1277,2767 1307,2767 1307,2765 1374,2765"/>
	<Glyph id="c962">
	<Coords points="1237,2768 1275,2768 1275,2819 1237,2819"/>
	<TextEquiv>
	<Unicode>p</Unicode></TextEquiv></Glyph>
	<Glyph id="c963">
	<Coords points="1277,2767 1306,2767 1306,2804 1277,2804"/>
	<TextEquiv>
	<Unicode>r</Unicode></TextEquiv></Glyph>
	<Glyph id="c964">
	<Coords points="1307,2765 1339,2765 1339,2803 1307,2803"/>
	<TextEquiv>
	<Unicode>o</Unicode></TextEquiv></Glyph>
	<Glyph id="c965">
	<Coords points="1342,2765 1372,2765 1372,2803 1342,2803"/>
	<TextEquiv>
	<Unicode>c</Unicode></TextEquiv></Glyph>
	<Glyph id="c966">
	<Coords points="1374,2749 1404,2749 1404,2803 1374,2803"/>
	<TextEquiv>
	<Unicode>é</Unicode></TextEquiv></Glyph>
	<Glyph id="c967">
	<Coords points="1406,2765 1432,2765 1432,2802 1406,2802"/>
	<TextEquiv>
	<Unicode>s</Unicode></TextEquiv></Glyph>
	<Glyph id="c968">
	<Coords points="1439,2788 1453,2788 1453,2802 1439,2802"/>
	<TextEquiv>
	<Unicode>.</Unicode></TextEquiv></Glyph>
	<TextEquiv>
	<Unicode>procés.</Unicode></TextEquiv></Word>
	<Word id="w969">
	<Coords points="2280,2734 2289,2734 2289,2743 2280,2743"/>
	<Glyph id="c970">
	<Coords points="2280,2734 2289,2734 2289,2743 2280,2743"/>
	<TextEquiv>
	<Unicode>'</Unicode></TextEquiv></Glyph>
	<TextEquiv>
	<Unicode>'</Unicode></TextEquiv></Word>
	<Word id="w971">
	<Coords points="2532,2811 2535,2811 2535,2813 2532,2813"/>
	<Glyph id="c972">
	<Coords points="2532,2811 2535,2811 2535,2813 2532,2813"/>
	<TextEquiv>
	<Unicode>,</Unicode></TextEquiv></Glyph>
	<TextEquiv>
	<Unicode>,</Unicode></TextEquiv></Word>
	<TextEquiv>
	<Unicode>procés. ' ,</Unicode></TextEquiv></TextLine>
	<TextEquiv>
	<Unicode>Du moment 0qu cesse les affaires il est perdu; s’il les
continue , c’est encore pis; comme son avoir ne se com-
pose que de petites sommes au-dessous de l ,000 francs,
nous ne lui conseillons pas de plaider, il vaut mieux
faire une croix sur ses livres; les libraires savent bien
qu’un éditeur n’oserait leur intenter un proces, puisque
les frais de justice absorberaient in‘failliblement l’intérét
avec le capital, soit qu’il perde, soit qu’il gagne son
procés. ' ,</Unicode></TextEquiv></TextRegion>
	<TextRegion id="r973" type="paragraph">
	<Coords points="1318,2837 1423,2837 1423,2853 1577,2853 1577,2852 1741,2852 1741,2837 1755,2837 1755,2852 1897,2852 1897,2853 1925,2853 1925,2854 2032,2854 2032,2853 2202,2853 2202,2854 2232,2854 2232,2855 2300,2855 2300,2856 2409,2856 2409,2840 2474,2840 2474,2839 2487,2839 2487,2856 2617,2856 2617,2842 2634,2842 2634,2857 2788,2857 2788,2844 2804,2844 2804,2859 2905,2859 2905,2860 2946,2860 2946,2896 2905,2896 2905,2897 2867,2897 2867,2986 2853,2986 2853,2985 2703,2985 2703,3001 2667,3001 2667,2985 2619,2985 2619,2984 2488,2984 2488,2983 2449,2983 2449,2982 2320,2982 2320,2983 2285,2983 2285,2982 2207,2982 2207,2981 2111,2981 2111,2980 1539,2980 1539,2997 1523,2997 1523,2982 1488,2982 1488,2981 1346,2981 1346,2982 1306,2982 1306,2983 1274,2983 1274,2982 1243,2982 1243,2945 1274,2945 1274,2944 1318,2944"/>
	<TextLine id="l974">
	<Coords points="1318,2837 1423,2837 1423,2853 1577,2853 1577,2852 1741,2852 1741,2837 1755,2837 1755,2852 1897,2852 1897,2853 1925,2853 1925,2854 2032,2854 2032,2853 2202,2853 2202,2854 2232,2854 2232,2855 2300,2855 2300,2856 2409,2856 2409,2840 2474,2840 2474,2839 2487,2839 2487,2856 2617,2856 2617,2842 2634,2842 2634,2857 2788,2857 2788,2844 2804,2844 2804,2859 2905,2859 2905,2860 2946,2860 2946,2896 2905,2896 2905,2897 2836,2897 2836,2913 2819,2913 2819,2895 2639,2895 2639,2894 2406,2894 2406,2909 2371,2909 2371,2895 2339,2895 2339,2894 2302,2894 2302,2893 2270,2893 2270,2892 1986,2892 1986,2906 1828,2906 1828,2890 1497,2890 1497,2891 1407,2891 1407,2892 1366,2892 1366,2908 1318,2908"/>
	<Word id="w975">
	<Coords points="1318,2837 1423,2837 1423,2853 1497,2853 1497,2891 1407,2891 1407,2892 1366,2892 1366,2908 1318,2908"/>
	<Glyph id="c976">
	<Coords points="1318,2837 1366,2837 1366,2908 1318,2908"/>
	<TextEquiv>
	<Unicode>Q</Unicode></TextEquiv></Glyph>
	<Glyph id="c977">
	<Coords points="1372,2855 1407,2855 1407,2892 1372,2892"/>
	<TextEquiv>
	<Unicode>u</Unicode></TextEquiv></Glyph>
	<Glyph id="c978">
	<Coords points="1411,2837 1423,2837 1423,2857 1411,2857"/>
	<TextEquiv>
	<Unicode>’</Unicode></TextEquiv></Glyph>
	<Glyph id="c979">
	<Coords points="1425,2853 1458,2853 1458,2891 1425,2891"/>
	<TextEquiv>
	<Unicode>o</Unicode></TextEquiv></Glyph>
	<Glyph id="c980">
	<Coords points="1460,2853 1497,2853 1497,2891 1460,2891"/>
	<TextEquiv>
	<Unicode>n</Unicode></TextEquiv></Glyph>
	<TextEquiv>
	<Unicode>Qu’on</Unicode></TextEquiv></Word>
	<Word id="w981">
	<Coords points="1577,2852 1607,2852 1607,2890 1537,2890 1537,2853 1577,2853"/>
	<Glyph id="c982">
	<Coords points="1537,2853 1574,2853 1574,2890 1537,2890"/>
	<TextEquiv>
	<Unicode>n</Unicode></TextEquiv></Glyph>
	<Glyph id="c983">
	<Coords points="1577,2852 1607,2852 1607,2890 1577,2890"/>
	<TextEquiv>
	<Unicode>e</Unicode></TextEquiv></Glyph>
	<TextEquiv>
	<Unicode>ne</Unicode></TextEquiv></Word>
	<Word id="w984">
	<Coords points="1741,2837 1755,2837 1755,2852 1791,2852 1791,2890 1643,2890 1643,2853 1675,2853 1675,2852 1741,2852"/>
	<Glyph id="c985">
	<Coords points="1643,2853 1673,2853 1673,2890 1643,2890"/>
	<TextEquiv>
	<Unicode>c</Unicode></TextEquiv></Glyph>
	<Glyph id="c986">
	<Coords points="1675,2852 1704,2852 1704,2889 1675,2889"/>
	<TextEquiv>
	<Unicode>r</Unicode></TextEquiv></Glyph>
	<Glyph id="c987">
	<Coords points="1705,2852 1737,2852 1737,2889 1705,2889"/>
	<TextEquiv>
	<Unicode>o</Unicode></TextEquiv></Glyph>
	<Glyph id="c988">
	<Coords points="1741,2837 1755,2837 1755,2889 1741,2889"/>
	<TextEquiv>
	<Unicode>i</Unicode></TextEquiv></Glyph>
	<Glyph id="c989">
	<Coords points="1760,2852 1791,2852 1791,2890 1760,2890"/>
	<TextEquiv>
	<Unicode>e</Unicode></TextEquiv></Glyph>
	<TextEquiv>
	<Unicode>croie</Unicode></TextEquiv></Word>
	<Word id="w990">
	<Coords points="1866,2852 1897,2852 1897,2853 1925,2853 1925,2890 1897,2890 1897,2891 1864,2891 1864,2906 1828,2906 1828,2854 1866,2854"/>
	<Glyph id="c991">
	<Coords points="1828,2854 1864,2854 1864,2906 1828,2906"/>
	<TextEquiv>
	<Unicode>p</Unicode></TextEquiv></Glyph>
	<Glyph id="c992">
	<Coords points="1866,2852 1897,2852 1897,2891 1866,2891"/>
	<TextEquiv>
	<Unicode>a</Unicode></TextEquiv></Glyph>
	<Glyph id="c993">
	<Coords points="1899,2853 1925,2853 1925,2890 1899,2890"/>
	<TextEquiv>
	<Unicode>s</Unicode></TextEquiv></Glyph>
	<TextEquiv>
	<Unicode>pas</Unicode></TextEquiv></Word>
	<Word id="w994">
	<Coords points="2032,2853 2061,2853 2061,2891 2029,2891 2029,2892 1986,2892 1986,2906 1951,2906 1951,2854 2032,2854"/>
	<Glyph id="c995">
	<Coords points="1951,2854 1986,2854 1986,2906 1951,2906"/>
	<TextEquiv>
	<Unicode>q</Unicode></TextEquiv></Glyph>
	<Glyph id="c996">
	<Coords points="1992,2854 2029,2854 2029,2892 1992,2892"/>
	<TextEquiv>
	<Unicode>u</Unicode></TextEquiv></Glyph>
	<Glyph id="c997">
	<Coords points="2032,2853 2061,2853 2061,2891 2032,2891"/>
	<TextEquiv>
	<Unicode>e</Unicode></TextEquiv></Glyph>
	<TextEquiv>
	<Unicode>que</Unicode></TextEquiv></Word>
	<Word id="w998">
	<Coords points="2090,2853 2202,2853 2202,2854 2232,2854 2232,2892 2090,2892"/>
	<Glyph id="c999">
	<Coords points="2090,2853 2125,2853 2125,2892 2090,2892"/>
	<TextEquiv>
	<Unicode>n</Unicode></TextEquiv></Glyph>
	<Glyph id="c1000">
	<Coords points="2129,2853 2161,2853 2161,2891 2129,2891"/>
	<TextEquiv>
	<Unicode>o</Unicode></TextEquiv></Glyph>
	<Glyph id="c1001">
	<Coords points="2165,2853 2202,2853 2202,2892 2165,2892"/>
	<TextEquiv>
	<Unicode>u</Unicode></TextEquiv></Glyph>
	<Glyph id="c1002">
	<Coords points="2205,2854 2232,2854 2232,2892 2205,2892"/>
	<TextEquiv>
	<Unicode>s</Unicode></TextEquiv></Glyph>
	<TextEquiv>
	<Unicode>nous</Unicode></TextEquiv></Word>
	<Word id="w1003">
	<Coords points="2474,2839 2487,2839 2487,2856 2592,2856 2592,2894 2406,2894 2406,2909 2371,2909 2371,2895 2339,2895 2339,2894 2302,2894 2302,2893 2270,2893 2270,2855 2300,2855 2300,2856 2409,2856 2409,2840 2474,2840"/>
	<Glyph id="c1004">
	<Coords points="2270,2855 2300,2855 2300,2893 2270,2893"/>
	<TextEquiv>
	<Unicode>e</Unicode></TextEquiv></Glyph>
	<Glyph id="c1005">
	<Coords points="2302,2856 2337,2856 2337,2894 2302,2894"/>
	<TextEquiv>
	<Unicode>x</Unicode></TextEquiv></Glyph>
	<Glyph id="c1006">
	<Coords points="2339,2856 2369,2856 2369,2895 2339,2895"/>
	<TextEquiv>
	<Unicode>a</Unicode></TextEquiv></Glyph>
	<Glyph id="c1007">
	<Coords points="2371,2856 2406,2856 2406,2909 2371,2909"/>
	<TextEquiv>
	<Unicode>g</Unicode></TextEquiv></Glyph>
	<Glyph id="c1008">
	<Coords points="2409,2840 2438,2840 2438,2894 2409,2894"/>
	<TextEquiv>
	<Unicode>é</Unicode></TextEquiv></Glyph>
	<Glyph id="c1009">
	<Coords points="2441,2857 2470,2857 2470,2893 2441,2893"/>
	<TextEquiv>
	<Unicode>r</Unicode></TextEquiv></Glyph>
	<Glyph id="c1010">
	<Coords points="2474,2839 2487,2839 2487,2893 2474,2893"/>
	<TextEquiv>
	<Unicode>i</Unicode></TextEquiv></Glyph>
	<Glyph id="c1011">
	<Coords points="2492,2856 2523,2856 2523,2894 2492,2894"/>
	<TextEquiv>
	<Unicode>o</Unicode></TextEquiv></Glyph>
	<Glyph id="c1012">
	<Coords points="2528,2857 2563,2857 2563,2893 2528,2893"/>
	<TextEquiv>
	<Unicode>n</Unicode></TextEquiv></Glyph>
	<Glyph id="c1013">
	<Coords points="2566,2856 2592,2856 2592,2894 2566,2894"/>
	<TextEquiv>
	<Unicode>s</Unicode></TextEquiv></Glyph>
	<TextEquiv>
	<Unicode>exagérions</Unicode></TextEquiv></Word>
	<Word id="w1014">
	<Coords points="2617,2842 2634,2842 2634,2857 2669,2857 2669,2895 2639,2895 2639,2894 2617,2894"/>
	<Glyph id="c1015">
	<Coords points="2617,2842 2634,2842 2634,2894 2617,2894"/>
	<TextEquiv>
	<Unicode>1</Unicode></TextEquiv></Glyph>
	<Glyph id="c1016">
	<Coords points="2639,2857 2669,2857 2669,2895 2639,2895"/>
	<TextEquiv>
	<Unicode>e</Unicode></TextEquiv></Glyph>
	<TextEquiv>
	<Unicode>1e</Unicode></TextEquiv></Word>
	<Word id="w1017">
	<Coords points="2788,2844 2804,2844 2804,2884 2836,2884 2836,2913 2819,2913 2819,2895 2696,2895 2696,2857 2788,2857"/>
	<Glyph id="c1018">
	<Coords points="2696,2857 2753,2857 2753,2895 2696,2895"/>
	<TextEquiv>
	<Unicode>m</Unicode></TextEquiv></Glyph>
	<Glyph id="c1019">
	<Coords points="2754,2858 2786,2858 2786,2895 2754,2895"/>
	<TextEquiv>
	<Unicode>a</Unicode></TextEquiv></Glyph>
	<Glyph id="c1020">
	<Coords points="2788,2844 2804,2844 2804,2895 2788,2895"/>
	<TextEquiv>
	<Unicode>l</Unicode></TextEquiv></Glyph>
	<Glyph id="c1021">
	<Coords points="2819,2884 2836,2884 2836,2913 2819,2913"/>
	<TextEquiv>
	<Unicode>,</Unicode></TextEquiv></Glyph>
	<TextEquiv>
	<Unicode>mal,</Unicode></TextEquiv></Word>
	<Word id="w1022">
	<Coords points="2874,2859 2905,2859 2905,2860 2946,2860 2946,2896 2905,2896 2905,2897 2874,2897"/>
	<Glyph id="c1023">
	<Coords points="2874,2859 2905,2859 2905,2897 2874,2897"/>
	<TextEquiv>
	<Unicode>a</Unicode></TextEquiv></Glyph>
	<Glyph id="c1024">
	<Coords points="2909,2860 2946,2860 2946,2896 2909,2896"/>
	<TextEquiv>
	<Unicode>u</Unicode></TextEquiv></Glyph>
	<TextEquiv>
	<Unicode>au</Unicode></TextEquiv></Word>
	<TextEquiv>
	<Unicode>Qu’on ne croie pas que nous exagérions 1e mal, au</Unicode></TextEquiv></TextLine>
	<TextLine id="l1025">
	<Coords points="1436,2927 1451,2927 1451,2943 1611,2943 1611,2942 1906,2942 1906,2927 1980,2927 1980,2943 2084,2943 2084,2944 2207,2944 2207,2932 2265,2932 2265,2928 2279,2928 2279,2944 2488,2944 2488,2934 2510,2934 2510,2947 2649,2947 2649,2948 2771,2948 2771,2936 2795,2936 2795,2932 2810,2932 2810,2949 2845,2949 2845,2972 2867,2972 2867,2986 2853,2986 2853,2985 2703,2985 2703,3001 2667,3001 2667,2985 2619,2985 2619,2984 2488,2984 2488,2983 2449,2983 2449,2982 2320,2982 2320,2983 2285,2983 2285,2982 2207,2982 2207,2981 2111,2981 2111,2980 1539,2980 1539,2997 1523,2997 1523,2982 1488,2982 1488,2981 1346,2981 1346,2982 1306,2982 1306,2983 1274,2983 1274,2982 1243,2982 1243,2945 1274,2945 1274,2944 1350,2944 1350,2932 1436,2932"/>
	<Word id="w1026">
	<Coords points="1436,2927 1451,2927 1451,2943 1517,2943 1517,2962 1539,2962 1539,2997 1523,2997 1523,2982 1488,2982 1488,2981 1346,2981 1346,2982 1306,2982 1306,2983 1274,2983 1274,2982 1243,2982 1243,2945 1274,2945 1274,2944 1350,2944 1350,2932 1436,2932"/>
	<Glyph id="c1027">
	<Coords points="1243,2945 1272,2945 1272,2982 1243,2982"/>
	<TextEquiv>
	<Unicode>c</Unicode></TextEquiv></Glyph>
	<Glyph id="c1028">
	<Coords points="1274,2944 1306,2944 1306,2983 1274,2983"/>
	<TextEquiv>
	<Unicode>o</Unicode></TextEquiv></Glyph>
	<Glyph id="c1029">
	<Coords points="1309,2945 1346,2945 1346,2982 1309,2982"/>
	<TextEquiv>
	<Unicode>n</Unicode></TextEquiv></Glyph>
	<Glyph id="c1030">
	<Coords points="1350,2932 1370,2932 1370,2981 1350,2981"/>
	<TextEquiv>
	<Unicode>t</Unicode></TextEquiv></Glyph>
	<Glyph id="c1031">
	<Coords points="1373,2944 1401,2944 1401,2981 1373,2981"/>
	<TextEquiv>
	<Unicode>r</Unicode></TextEquiv></Glyph>
	<Glyph id="c1032">
	<Coords points="1402,2943 1434,2943 1434,2981 1402,2981"/>
	<TextEquiv>
	<Unicode>a</Unicode></TextEquiv></Glyph>
	<Glyph id="c1033">
	<Coords points="1436,2927 1451,2927 1451,2981 1436,2981"/>
	<TextEquiv>
	<Unicode>i</Unicode></TextEquiv></Glyph>
	<Glyph id="c1034">
	<Coords points="1457,2944 1485,2944 1485,2981 1457,2981"/>
	<TextEquiv>
	<Unicode>r</Unicode></TextEquiv></Glyph>
	<Glyph id="c1035">
	<Coords points="1488,2943 1517,2943 1517,2982 1488,2982"/>
	<TextEquiv>
	<Unicode>e</Unicode></TextEquiv></Glyph>
	<Glyph id="c1036">
	<Coords points="1523,2962 1539,2962 1539,2997 1523,2997"/>
	<TextEquiv>
	<Unicode>,</Unicode></TextEquiv></Glyph>
	<TextEquiv>
	<Unicode>contraire,</Unicode></TextEquiv></Word>
	<Word id="w1037">
	<Coords points="1611,2942 1643,2942 1643,2943 1714,2943 1714,2980 1572,2980 1572,2943 1611,2943"/>
	<Glyph id="c1038">
	<Coords points="1572,2943 1608,2943 1608,2980 1572,2980"/>
	<TextEquiv>
	<Unicode>n</Unicode></TextEquiv></Glyph>
	<Glyph id="c1039">
	<Coords points="1611,2942 1643,2942 1643,2979 1611,2979"/>
	<TextEquiv>
	<Unicode>o</Unicode></TextEquiv></Glyph>
	<Glyph id="c1040">
	<Coords points="1646,2943 1684,2943 1684,2980 1646,2980"/>
	<TextEquiv>
	<Unicode>u</Unicode></TextEquiv></Glyph>
	<Glyph id="c1041">
	<Coords points="1687,2943 1714,2943 1714,2980 1687,2980"/>
	<TextEquiv>
	<Unicode>s</Unicode></TextEquiv></Glyph>
	<TextEquiv>
	<Unicode>nous</Unicode></TextEquiv></Word>
	<Word id="w1042">
	<Coords points="1735,2942 1766,2942 1766,2943 1805,2943 1805,2980 1735,2980"/>
	<Glyph id="c1043">
	<Coords points="1735,2942 1766,2942 1766,2980 1735,2980"/>
	<TextEquiv>
	<Unicode>e</Unicode></TextEquiv></Glyph>
	<Glyph id="c1044">
	<Coords points="1769,2943 1805,2943 1805,2980 1769,2980"/>
	<TextEquiv>
	<Unicode>n</Unicode></TextEquiv></Glyph>
	<TextEquiv>
	<Unicode>en</Unicode></TextEquiv></Word>
	<Word id="w1045">
	<Coords points="1906,2927 1980,2927 1980,2943 2084,2943 2084,2980 1828,2980 1828,2942 1906,2942"/>
	<Glyph id="c1046">
	<Coords points="1828,2942 1860,2942 1860,2980 1828,2980"/>
	<TextEquiv>
	<Unicode>o</Unicode></TextEquiv></Glyph>
	<Glyph id="c1047">
	<Coords points="1865,2943 1902,2943 1902,2980 1865,2980"/>
	<TextEquiv>
	<Unicode>u</Unicode></TextEquiv></Glyph>
	<Glyph id="c1048">
	<Coords points="1906,2927 1941,2927 1941,2980 1906,2980"/>
	<TextEquiv>
	<Unicode>b</Unicode></TextEquiv></Glyph>
	<Glyph id="c1049">
	<Coords points="1944,2928 1960,2928 1960,2980 1944,2980"/>
	<TextEquiv>
	<Unicode>l</Unicode></TextEquiv></Glyph>
	<Glyph id="c1050">
	<Coords points="1964,2927 1980,2927 1980,2980 1964,2980"/>
	<TextEquiv>
	<Unicode>i</Unicode></TextEquiv></Glyph>
	<Glyph id="c1051">
	<Coords points="1984,2943 2015,2943 2015,2980 1984,2980"/>
	<TextEquiv>
	<Unicode>o</Unicode></TextEquiv></Glyph>
	<Glyph id="c1052">
	<Coords points="2019,2943 2055,2943 2055,2980 2019,2980"/>
	<TextEquiv>
	<Unicode>n</Unicode></TextEquiv></Glyph>
	<Glyph id="c1053">
	<Coords points="2058,2943 2084,2943 2084,2980 2058,2980"/>
	<TextEquiv>
	<Unicode>s</Unicode></TextEquiv></Glyph>
	<TextEquiv>
	<Unicode>oublions</Unicode></TextEquiv></Word>
	<Word id="w1054">
	<Coords points="2265,2928 2279,2928 2279,2944 2488,2944 2488,2934 2510,2934 2510,2984 2488,2984 2488,2983 2449,2983 2449,2982 2320,2982 2320,2983 2285,2983 2285,2982 2207,2982 2207,2981 2111,2981 2111,2944 2207,2944 2207,2932 2265,2932"/>
	<Glyph id="c1055">
	<Coords points="2111,2944 2140,2944 2140,2981 2111,2981"/>
	<TextEquiv>
	<Unicode>c</Unicode></TextEquiv></Glyph>
	<Glyph id="c1056">
	<Coords points="2144,2944 2173,2944 2173,2980 2144,2980"/>
	<TextEquiv>
	<Unicode>e</Unicode></TextEquiv></Glyph>
	<Glyph id="c1057">
	<Coords points="2176,2945 2205,2945 2205,2980 2176,2980"/>
	<TextEquiv>
	<Unicode>r</Unicode></TextEquiv></Glyph>
	<Glyph id="c1058">
	<Coords points="2207,2932 2228,2932 2228,2982 2207,2982"/>
	<TextEquiv>
	<Unicode>t</Unicode></TextEquiv></Glyph>
	<Glyph id="c1059">
	<Coords points="2230,2945 2261,2945 2261,2982 2230,2982"/>
	<TextEquiv>
	<Unicode>a</Unicode></TextEquiv></Glyph>
	<Glyph id="c1060">
	<Coords points="2265,2928 2279,2928 2279,2982 2265,2982"/>
	<TextEquiv>
	<Unicode>i</Unicode></TextEquiv></Glyph>
	<Glyph id="c1061">
	<Coords points="2285,2946 2320,2946 2320,2983 2285,2983"/>
	<TextEquiv>
	<Unicode>n</Unicode></TextEquiv></Glyph>
	<Glyph id="c1062">
	<Coords points="2324,2945 2354,2945 2354,2982 2324,2982"/>
	<TextEquiv>
	<Unicode>e</Unicode></TextEquiv></Glyph>
	<Glyph id="c1063">
	<Coords points="2356,2944 2411,2944 2411,2982 2356,2982"/>
	<TextEquiv>
	<Unicode>m</Unicode></TextEquiv></Glyph>
	<Glyph id="c1064">
	<Coords points="2415,2945 2445,2945 2445,2982 2415,2982"/>
	<TextEquiv>
	<Unicode>e</Unicode></TextEquiv></Glyph>
	<Glyph id="c1065">
	<Coords points="2449,2947 2484,2947 2484,2983 2449,2983"/>
	<TextEquiv>
	<Unicode>n</Unicode></TextEquiv></Glyph>
	<Glyph id="c1066">
	<Coords points="2488,2934 2510,2934 2510,2984 2488,2984"/>
	<TextEquiv>
	<Unicode>t</Unicode></TextEquiv></Glyph>
	<TextEquiv>
	<Unicode>certainement</Unicode></TextEquiv></Word>
	<Word id="w1067">
	<Coords points="2538,2947 2649,2947 2649,2985 2619,2985 2619,2984 2538,2984"/>
	<Glyph id="c1068">
	<Coords points="2538,2947 2574,2947 2574,2984 2538,2984"/>
	<TextEquiv>
	<Unicode>u</Unicode></TextEquiv></Glyph>
	<Glyph id="c1069">
	<Coords points="2579,2947 2615,2947 2615,2984 2579,2984"/>
	<TextEquiv>
	<Unicode>n</Unicode></TextEquiv></Glyph>
	<Glyph id="c1070">
	<Coords points="2619,2947 2649,2947 2649,2985 2619,2985"/>
	<TextEquiv>
	<Unicode>e</Unicode></TextEquiv></Glyph>
	<TextEquiv>
	<Unicode>une</Unicode></TextEquiv></Word>
	<Word id="w1071">
	<Coords points="2795,2932 2810,2932 2810,2949 2845,2949 2845,2972 2867,2972 2867,2986 2853,2986 2853,2985 2703,2985 2703,3001 2667,3001 2667,2949 2706,2949 2706,2948 2771,2948 2771,2936 2795,2936"/>
	<Glyph id="c1072">
	<Coords points="2667,2949 2703,2949 2703,3001 2667,3001"/>
	<TextEquiv>
	<Unicode>p</Unicode></TextEquiv></Glyph>
	<Glyph id="c1073">
	<Coords points="2706,2948 2736,2948 2736,2985 2706,2985"/>
	<TextEquiv>
	<Unicode>a</Unicode></TextEquiv></Glyph>
	<Glyph id="c1074">
	<Coords points="2741,2948 2768,2948 2768,2984 2741,2984"/>
	<TextEquiv>
	<Unicode>r</Unicode></TextEquiv></Glyph>
	<Glyph id="c1075">
	<Coords points="2771,2936 2792,2936 2792,2985 2771,2985"/>
	<TextEquiv>
	<Unicode>t</Unicode></TextEquiv></Glyph>
	<Glyph id="c1076">
	<Coords points="2795,2932 2810,2932 2810,2985 2795,2985"/>
	<TextEquiv>
	<Unicode>i</Unicode></TextEquiv></Glyph>
	<Glyph id="c1077">
	<Coords points="2815,2949 2845,2949 2845,2985 2815,2985"/>
	<TextEquiv>
	<Unicode>e</Unicode></TextEquiv></Glyph>
	<Glyph id="c1078">
	<Coords points="2853,2972 2867,2972 2867,2986 2853,2986"/>
	<TextEquiv>
	<Unicode>.</Unicode></TextEquiv></Glyph>
	<TextEquiv>
	<Unicode>partie.</Unicode></TextEquiv></Word>
	<TextEquiv>
	<Unicode>contraire, nous en oublions certainement une partie.</Unicode></TextEquiv></TextLine>
	<TextEquiv>
	<Unicode>Qu’on ne croie pas que nous exagérions 1e mal, au
contraire, nous en oublions certainement une partie.</Unicode></TextEquiv></TextRegion>
	<TextRegion id="r1079" type="paragraph">
	<Coords points="2083,3017 2099,3017 2099,3022 2199,3022 2199,3035 2301,3035 2301,3034 2326,3034 2326,3035 2475,3035 2475,3036 2540,3036 2540,3037 2704,3037 2704,3022 2742,3022 2742,3023 2904,3023 2904,3022 2920,3022 2920,3054 2947,3054 2947,3203 2948,3203 2948,3327 2945,3327 2945,3432 2944,3432 2944,3607 2942,3607 2942,3697 2778,3697 2778,3696 2658,3696 2658,3697 2573,3697 2573,3713 2558,3713 2558,3695 2364,3695 2364,3693 2220,3693 2220,3694 2205,3694 2205,3783 1712,3783 1712,3799 1676,3799 1676,3784 1566,3784 1566,3799 1530,3799 1530,3784 1395,3784 1395,3785 1269,3785 1269,3784 1241,3784 1241,3712 1239,3712 1239,3659 1241,3659 1241,3572 1243,3572 1243,3466 1244,3466 1244,3286 1243,3286 1243,3285 1242,3285 1242,3284 1240,3284 1240,3282 1238,3282 1238,3281 1237,3281 1237,3280 1236,3280 1236,3279 1234,3279 1234,3277 1232,3277 1232,3272 1242,3272 1242,3198 1243,3198 1243,3115 1318,3115 1318,3018 1354,3018 1354,3019 1371,3019 1371,3020 1412,3020 1412,3033 1588,3033 1588,3032 1621,3032 1621,3033 1893,3033 1893,3020 1916,3020 1916,3034 2044,3034 2044,3033 2083,3033"/>
	<TextLine id="l1080">
	<Coords points="2083,3017 2099,3017 2099,3022 2199,3022 2199,3035 2301,3035 2301,3034 2326,3034 2326,3035 2475,3035 2475,3036 2540,3036 2540,3037 2704,3037 2704,3022 2742,3022 2742,3023 2904,3023 2904,3022 2920,3022 2920,3054 2947,3054 2947,3063 2920,3063 2920,3075 2901,3075 2901,3076 2864,3076 2864,3075 2704,3075 2704,3074 2510,3074 2510,3073 2265,3073 2265,3087 2228,3087 2228,3071 2137,3071 2137,3070 1889,3070 1889,3071 1854,3071 1854,3070 1542,3070 1542,3071 1509,3071 1509,3086 1474,3086 1474,3072 1354,3072 1354,3074 1318,3074 1318,3018 1354,3018 1354,3019 1371,3019 1371,3020 1412,3020 1412,3033 1588,3033 1588,3032 1621,3032 1621,3033 1893,3033 1893,3020 1916,3020 1916,3034 2044,3034 2044,3033 2083,3033"/>
	<Word id="w1081">
	<Coords points="1318,3018 1354,3018 1354,3019 1371,3019 1371,3071 1354,3071 1354,3074 1318,3074"/>
	<Glyph id="c1082">
	<Coords points="1318,3018 1354,3018 1354,3074 1318,3074"/>
	<TextEquiv>
	<Unicode>S</Unicode></TextEquiv></Glyph>
	<Glyph id="c1083">
	<Coords points="1357,3019 1371,3019 1371,3071 1357,3071"/>
	<TextEquiv>
	<Unicode>i</Unicode></TextEquiv></Glyph>
	<TextEquiv>
	<Unicode>Si</Unicode></TextEquiv></Word>
	<Word id="w1084">
	<Coords points="1396,3020 1412,3020 1412,3034 1447,3034 1447,3072 1396,3072"/>
	<Glyph id="c1085">
	<Coords points="1396,3020 1412,3020 1412,3072 1396,3072"/>
	<TextEquiv>
	<Unicode>l</Unicode></TextEquiv></Glyph>
	<Glyph id="c1086">
	<Coords points="1417,3034 1447,3034 1447,3072 1417,3072"/>
	<TextEquiv>
	<Unicode>e</Unicode></TextEquiv></Glyph>
	<TextEquiv>
	<Unicode>le</Unicode></TextEquiv></Word>
	<Word id="w1087">
	<Coords points="1893,3020 1916,3020 1916,3070 1889,3070 1889,3071 1854,3071 1854,3070 1542,3070 1542,3071 1509,3071 1509,3086 1474,3086 1474,3034 1509,3034 1509,3033 1588,3033 1588,3032 1621,3032 1621,3033 1893,3033"/>
	<Glyph id="c1088">
	<Coords points="1474,3034 1509,3034 1509,3086 1474,3086"/>
	<TextEquiv>
	<Unicode>g</Unicode></TextEquiv></Glyph>
	<Glyph id="c1089">
	<Coords points="1509,3033 1542,3033 1542,3071 1509,3071"/>
	<TextEquiv>
	<Unicode>o</Unicode></TextEquiv></Glyph>
	<Glyph id="c1090">
	<Coords points="1544,3033 1582,3033 1582,3070 1544,3070"/>
	<TextEquiv>
	<Unicode>u</Unicode></TextEquiv></Glyph>
	<Glyph id="c1091">
	<Coords points="1588,3032 1621,3032 1621,3069 1588,3069"/>
	<TextEquiv>
	<Unicode>v</Unicode></TextEquiv></Glyph>
	<Glyph id="c1092">
	<Coords points="1624,3033 1654,3033 1654,3070 1624,3070"/>
	<TextEquiv>
	<Unicode>e</Unicode></TextEquiv></Glyph>
	<Glyph id="c1093">
	<Coords points="1658,3033 1686,3033 1686,3069 1658,3069"/>
	<TextEquiv>
	<Unicode>r</Unicode></TextEquiv></Glyph>
	<Glyph id="c1094">
	<Coords points="1689,3033 1725,3033 1725,3070 1689,3070"/>
	<TextEquiv>
	<Unicode>n</Unicode></TextEquiv></Glyph>
	<Glyph id="c1095">
	<Coords points="1729,3033 1759,3033 1759,3070 1729,3070"/>
	<TextEquiv>
	<Unicode>e</Unicode></TextEquiv></Glyph>
	<Glyph id="c1096">
	<Coords points="1762,3033 1816,3033 1816,3070 1762,3070"/>
	<TextEquiv>
	<Unicode>m</Unicode></TextEquiv></Glyph>
	<Glyph id="c1097">
	<Coords points="1820,3033 1850,3033 1850,3070 1820,3070"/>
	<TextEquiv>
	<Unicode>e</Unicode></TextEquiv></Glyph>
	<Glyph id="c1098">
	<Coords points="1854,3033 1889,3033 1889,3071 1854,3071"/>
	<TextEquiv>
	<Unicode>n</Unicode></TextEquiv></Glyph>
	<Glyph id="c1099">
	<Coords points="1893,3020 1916,3020 1916,3070 1893,3070"/>
	<TextEquiv>
	<Unicode>t</Unicode></TextEquiv></Glyph>
	<TextEquiv>
	<Unicode>gouvernement</Unicode></TextEquiv></Word>
	<Word id="w1100">
	<Coords points="1945,3034 2015,3034 2015,3070 1945,3070"/>
	<Glyph id="c1101">
	<Coords points="1945,3034 1982,3034 1982,3070 1945,3070"/>
	<TextEquiv>
	<Unicode>n</Unicode></TextEquiv></Glyph>
	<Glyph id="c1102">
	<Coords points="1985,3034 2015,3034 2015,3070 1985,3070"/>
	<TextEquiv>
	<Unicode>e</Unicode></TextEquiv></Glyph>
	<TextEquiv>
	<Unicode>ne</Unicode></TextEquiv></Word>
	<Word id="w1103">
	<Coords points="2083,3017 2099,3017 2099,3022 2199,3022 2199,3071 2137,3071 2137,3070 2083,3070 2083,3069 2044,3069 2044,3033 2083,3033"/>
	<Glyph id="c1104">
	<Coords points="2044,3033 2079,3033 2079,3069 2044,3069"/>
	<TextEquiv>
	<Unicode>v</Unicode></TextEquiv></Glyph>
	<Glyph id="c1105">
	<Coords points="2083,3017 2099,3017 2099,3070 2083,3070"/>
	<TextEquiv>
	<Unicode>i</Unicode></TextEquiv></Glyph>
	<Glyph id="c1106">
	<Coords points="2104,3033 2133,3033 2133,3070 2104,3070"/>
	<TextEquiv>
	<Unicode>e</Unicode></TextEquiv></Glyph>
	<Glyph id="c1107">
	<Coords points="2137,3034 2173,3034 2173,3071 2137,3071"/>
	<TextEquiv>
	<Unicode>n</Unicode></TextEquiv></Glyph>
	<Glyph id="c1108">
	<Coords points="2176,3022 2199,3022 2199,3071 2176,3071"/>
	<TextEquiv>
	<Unicode>t</Unicode></TextEquiv></Glyph>
	<TextEquiv>
	<Unicode>vient</Unicode></TextEquiv></Word>
	<Word id="w1109">
	<Coords points="2301,3034 2326,3034 2326,3072 2265,3072 2265,3087 2228,3087 2228,3035 2301,3035"/>
	<Glyph id="c1110">
	<Coords points="2228,3035 2265,3035 2265,3087 2228,3087"/>
	<TextEquiv>
	<Unicode>p</Unicode></TextEquiv></Glyph>
	<Glyph id="c1111">
	<Coords points="2267,3035 2298,3035 2298,3072 2267,3072"/>
	<TextEquiv>
	<Unicode>a</Unicode></TextEquiv></Glyph>
	<Glyph id="c1112">
	<Coords points="2301,3034 2326,3034 2326,3072 2301,3072"/>
	<TextEquiv>
	<Unicode>s</Unicode></TextEquiv></Glyph>
	<TextEquiv>
	<Unicode>pas</Unicode></TextEquiv></Word>
	<Word id="w1113">
	<Coords points="2352,3035 2423,3035 2423,3072 2384,3072 2384,3073 2352,3073"/>
	<Glyph id="c1114">
	<Coords points="2352,3035 2384,3035 2384,3073 2352,3073"/>
	<TextEquiv>
	<Unicode>a</Unicode></TextEquiv></Glyph>
	<Glyph id="c1115">
	<Coords points="2387,3035 2423,3035 2423,3072 2387,3072"/>
	<TextEquiv>
	<Unicode>u</Unicode></TextEquiv></Glyph>
	<TextEquiv>
	<Unicode>au</Unicode></TextEquiv></Word>
	<Word id="w1116">
	<Coords points="2449,3035 2475,3035 2475,3036 2540,3036 2540,3037 2675,3037 2675,3074 2510,3074 2510,3073 2449,3073"/>
	<Glyph id="c1117">
	<Coords points="2449,3035 2475,3035 2475,3073 2449,3073"/>
	<TextEquiv>
	<Unicode>s</Unicode></TextEquiv></Glyph>
	<Glyph id="c1118">
	<Coords points="2478,3036 2507,3036 2507,3073 2478,3073"/>
	<TextEquiv>
	<Unicode>e</Unicode></TextEquiv></Glyph>
	<Glyph id="c1119">
	<Coords points="2510,3036 2540,3036 2540,3074 2510,3074"/>
	<TextEquiv>
	<Unicode>c</Unicode></TextEquiv></Glyph>
	<Glyph id="c1120">
	<Coords points="2542,3037 2574,3037 2574,3074 2542,3074"/>
	<TextEquiv>
	<Unicode>o</Unicode></TextEquiv></Glyph>
	<Glyph id="c1121">
	<Coords points="2579,3037 2616,3037 2616,3074 2579,3074"/>
	<TextEquiv>
	<Unicode>u</Unicode></TextEquiv></Glyph>
	<Glyph id="c1122">
	<Coords points="2620,3038 2648,3038 2648,3074 2620,3074"/>
	<TextEquiv>
	<Unicode>r</Unicode></TextEquiv></Glyph>
	<Glyph id="c1123">
	<Coords points="2649,3037 2675,3037 2675,3074 2649,3074"/>
	<TextEquiv>
	<Unicode>s</Unicode></TextEquiv></Glyph>
	<TextEquiv>
	<Unicode>secours</Unicode></TextEquiv></Word>
	<Word id="w1124">
	<Coords points="2704,3022 2742,3022 2742,3037 2775,3037 2775,3038 2803,3038 2803,3075 2704,3075"/>
	<Glyph id="c1125">
	<Coords points="2704,3022 2742,3022 2742,3075 2704,3075"/>
	<TextEquiv>
	<Unicode>d</Unicode></TextEquiv></Glyph>
	<Glyph id="c1126">
	<Coords points="2745,3037 2775,3037 2775,3075 2745,3075"/>
	<TextEquiv>
	<Unicode>e</Unicode></TextEquiv></Glyph>
	<Glyph id="c1127">
	<Coords points="2777,3038 2803,3038 2803,3075 2777,3075"/>
	<TextEquiv>
	<Unicode>s</Unicode></TextEquiv></Glyph>
	<TextEquiv>
	<Unicode>des</Unicode></TextEquiv></Word>
	<Word id="w1128">
	<Coords points="2904,3022 2920,3022 2920,3054 2947,3054 2947,3063 2920,3063 2920,3075 2901,3075 2901,3076 2864,3076 2864,3075 2831,3075 2831,3023 2904,3023"/>
	<Glyph id="c1129">
	<Coords points="2831,3023 2861,3023 2861,3075 2831,3075"/>
	<TextEquiv>
	<Unicode>é</Unicode></TextEquiv></Glyph>
	<Glyph id="c1130">
	<Coords points="2864,3023 2901,3023 2901,3076 2864,3076"/>
	<TextEquiv>
	<Unicode>d</Unicode></TextEquiv></Glyph>
	<Glyph id="c1131">
	<Coords points="2904,3022 2920,3022 2920,3075 2904,3075"/>
	<TextEquiv>
	<Unicode>i</Unicode></TextEquiv></Glyph>
	<Glyph id="c1132">
	<Coords points="2924,3054 2947,3054 2947,3063 2924,3063"/>
	<TextEquiv>
	<Unicode>-</Unicode></TextEquiv></Glyph>
	<TextEquiv>
	<Unicode>édi-</Unicode></TextEquiv></Word>
	<TextEquiv>
	<Unicode>Si le gouvernement ne vient pas au secours des édi-</Unicode></TextEquiv></TextLine>
	<TextLine id="l1133">
	<Coords points="1875,3108 1986,3108 1986,3109 2000,3109 2000,3123 2103,3123 2103,3122 2175,3122 2175,3110 2349,3110 2349,3108 2380,3108 2380,3125 2436,3125 2436,3126 2472,3126 2472,3127 2640,3127 2640,3126 2693,3126 2693,3123 2700,3123 2700,3127 2912,3127 2912,3128 2947,3128 2947,3165 2811,3165 2811,3175 2700,3175 2700,3180 2684,3180 2684,3179 2535,3179 2535,3178 2405,3178 2405,3163 2259,3163 2259,3176 2223,3176 2223,3160 2101,3160 2101,3176 2066,3176 2066,3161 1785,3161 1785,3182 1749,3182 1749,3161 1628,3161 1628,3176 1591,3176 1591,3162 1428,3162 1428,3179 1413,3179 1413,3163 1243,3163 1243,3115 1265,3115 1265,3125 1372,3125 1372,3124 1499,3124 1499,3123 1664,3123 1664,3122 1875,3122"/>
	<Word id="w1134">
	<Coords points="1243,3115 1265,3115 1265,3125 1372,3125 1372,3124 1399,3124 1399,3150 1428,3150 1428,3179 1413,3179 1413,3163 1243,3163"/>
	<Glyph id="c1135">
	<Coords points="1243,3115 1265,3115 1265,3163 1243,3163"/>
	<TextEquiv>
	<Unicode>t</Unicode></TextEquiv></Glyph>
	<Glyph id="c1136">
	<Coords points="1268,3126 1297,3126 1297,3163 1268,3163"/>
	<TextEquiv>
	<Unicode>e</Unicode></TextEquiv></Glyph>
	<Glyph id="c1137">
	<Coords points="1301,3126 1337,3126 1337,3163 1301,3163"/>
	<TextEquiv>
	<Unicode>u</Unicode></TextEquiv></Glyph>
	<Glyph id="c1138">
	<Coords points="1342,3125 1371,3125 1371,3162 1342,3162"/>
	<TextEquiv>
	<Unicode>r</Unicode></TextEquiv></Glyph>
	<Glyph id="c1139">
	<Coords points="1372,3124 1399,3124 1399,3162 1372,3162"/>
	<TextEquiv>
	<Unicode>s</Unicode></TextEquiv></Glyph>
	<Glyph id="c1140">
	<Coords points="1413,3150 1428,3150 1428,3179 1413,3179"/>
	<TextEquiv>
	<Unicode>,</Unicode></TextEquiv></Glyph>
	<TextEquiv>
	<Unicode>teurs,</Unicode></TextEquiv></Word>
	<Word id="w1141">
	<Coords points="1499,3123 1572,3123 1572,3160 1496,3160 1496,3162 1460,3162 1460,3124 1499,3124"/>
	<Glyph id="c1142">
	<Coords points="1460,3124 1496,3124 1496,3162 1460,3162"/>
	<TextEquiv>
	<Unicode>n</Unicode></TextEquiv></Glyph>
	<Glyph id="c1143">
	<Coords points="1499,3123 1531,3123 1531,3160 1499,3160"/>
	<TextEquiv>
	<Unicode>o</Unicode></TextEquiv></Glyph>
	<Glyph id="c1144">
	<Coords points="1536,3123 1572,3123 1572,3160 1536,3160"/>
	<TextEquiv>
	<Unicode>n</Unicode></TextEquiv></Glyph>
	<TextEquiv>
	<Unicode>non</Unicode></TextEquiv></Word>
	<Word id="w1145">
	<Coords points="1664,3122 1689,3122 1689,3160 1628,3160 1628,3176 1591,3176 1591,3124 1664,3124"/>
	<Glyph id="c1146">
	<Coords points="1591,3124 1628,3124 1628,3176 1591,3176"/>
	<TextEquiv>
	<Unicode>p</Unicode></TextEquiv></Glyph>
	<Glyph id="c1147">
	<Coords points="1629,3124 1661,3124 1661,3160 1629,3160"/>
	<TextEquiv>
	<Unicode>a</Unicode></TextEquiv></Glyph>
	<Glyph id="c1148">
	<Coords points="1664,3122 1689,3122 1689,3160 1664,3160"/>
	<TextEquiv>
	<Unicode>s</Unicode></TextEquiv></Glyph>
	<TextEquiv>
	<Unicode>pas</Unicode></TextEquiv></Word>
	<Word id="w1149">
	<Coords points="1749,3122 1850,3122 1850,3159 1785,3159 1785,3182 1749,3182 1749,3161 1715,3161 1715,3123 1749,3123"/>
	<Glyph id="c1150">
	<Coords points="1715,3123 1747,3123 1747,3161 1715,3161"/>
	<TextEquiv>
	<Unicode>a</Unicode></TextEquiv></Glyph>
	<Glyph id="c1151">
	<Coords points="1749,3122 1785,3122 1785,3182 1749,3182"/>
	<TextEquiv>
	<Unicode>v</Unicode></TextEquiv></Glyph>
	<Glyph id="c1152">
	<Coords points="1788,3123 1817,3123 1817,3159 1788,3159"/>
	<TextEquiv>
	<Unicode>e</Unicode></TextEquiv></Glyph>
	<Glyph id="c1153">
	<Coords points="1820,3122 1850,3122 1850,3159 1820,3159"/>
	<TextEquiv>
	<Unicode>c</Unicode></TextEquiv></Glyph>
	<TextEquiv>
	<Unicode>avec</Unicode></TextEquiv></Word>
	<Word id="w1154">
	<Coords points="1875,3108 1913,3108 1913,3123 1946,3123 1946,3160 1913,3160 1913,3161 1875,3161"/>
	<Glyph id="c1155">
	<Coords points="1875,3108 1913,3108 1913,3161 1875,3161"/>
	<TextEquiv>
	<Unicode>d</Unicode></TextEquiv></Glyph>
	<Glyph id="c1156">
	<Coords points="1916,3123 1946,3123 1946,3160 1916,3160"/>
	<TextEquiv>
	<Unicode>e</Unicode></TextEquiv></Glyph>
	<TextEquiv>
	<Unicode>de</Unicode></TextEquiv></Word>
	<Word id="w1157">
	<Coords points="1969,3108 1986,3108 1986,3109 2000,3109 2000,3123 2103,3123 2103,3122 2175,3122 2175,3110 2198,3110 2198,3160 2101,3160 2101,3176 2066,3176 2066,3161 2003,3161 2003,3159 1969,3159"/>
	<Glyph id="c1158">
	<Coords points="1969,3108 1986,3108 1986,3159 1969,3159"/>
	<TextEquiv>
	<Unicode>l</Unicode></TextEquiv></Glyph>
	<Glyph id="c1159">
	<Coords points="1988,3109 2000,3109 2000,3128 1988,3128"/>
	<TextEquiv>
	<Unicode>’</Unicode></TextEquiv></Glyph>
	<Glyph id="c1160">
	<Coords points="2003,3123 2035,3123 2035,3161 2003,3161"/>
	<TextEquiv>
	<Unicode>a</Unicode></TextEquiv></Glyph>
	<Glyph id="c1161">
	<Coords points="2038,3123 2065,3123 2065,3159 2038,3159"/>
	<TextEquiv>
	<Unicode>r</Unicode></TextEquiv></Glyph>
	<Glyph id="c1162">
	<Coords points="2066,3123 2101,3123 2101,3176 2066,3176"/>
	<TextEquiv>
	<Unicode>g</Unicode></TextEquiv></Glyph>
	<Glyph id="c1163">
	<Coords points="2103,3122 2132,3122 2132,3159 2103,3159"/>
	<TextEquiv>
	<Unicode>e</Unicode></TextEquiv></Glyph>
	<Glyph id="c1164">
	<Coords points="2136,3123 2171,3123 2171,3160 2136,3160"/>
	<TextEquiv>
	<Unicode>n</Unicode></TextEquiv></Glyph>
	<Glyph id="c1165">
	<Coords points="2175,3110 2198,3110 2198,3160 2175,3160"/>
	<TextEquiv>
	<Unicode>t</Unicode></TextEquiv></Glyph>
	<TextEquiv>
	<Unicode>l’argent</Unicode></TextEquiv></Word>
	<Word id="w1166">
	<Coords points="2349,3108 2380,3108 2380,3163 2259,3163 2259,3176 2223,3176 2223,3125 2262,3125 2262,3124 2293,3124 2293,3110 2349,3110"/>
	<Glyph id="c1167">
	<Coords points="2223,3125 2259,3125 2259,3176 2223,3176"/>
	<TextEquiv>
	<Unicode>p</Unicode></TextEquiv></Glyph>
	<Glyph id="c1168">
	<Coords points="2262,3124 2291,3124 2291,3160 2262,3160"/>
	<TextEquiv>
	<Unicode>r</Unicode></TextEquiv></Glyph>
	<Glyph id="c1169">
	<Coords points="2293,3110 2324,3110 2324,3162 2293,3162"/>
	<TextEquiv>
	<Unicode>é</Unicode></TextEquiv></Glyph>
	<Glyph id="c1170">
	<Coords points="2326,3111 2348,3111 2348,3161 2326,3161"/>
	<TextEquiv>
	<Unicode>t</Unicode></TextEquiv></Glyph>
	<Glyph id="c1171">
	<Coords points="2349,3108 2380,3108 2380,3163 2349,3163"/>
	<TextEquiv>
	<Unicode>é</Unicode></TextEquiv></Glyph>
	<TextEquiv>
	<Unicode>prété</Unicode></TextEquiv></Word>
	<Word id="w1172">
	<Coords points="2405,3125 2436,3125 2436,3126 2472,3126 2472,3127 2506,3127 2506,3163 2436,3163 2436,3178 2405,3178"/>
	<Glyph id="c1173">
	<Coords points="2405,3125 2436,3125 2436,3178 2405,3178"/>
	<TextEquiv>
	<Unicode>s</Unicode></TextEquiv></Glyph>
	<Glyph id="c1174">
	<Coords points="2435,3126 2472,3126 2472,3163 2435,3163"/>
	<TextEquiv>
	<Unicode>u</Unicode></TextEquiv></Glyph>
	<Glyph id="c1175">
	<Coords points="2477,3127 2506,3127 2506,3163 2477,3163"/>
	<TextEquiv>
	<Unicode>r</Unicode></TextEquiv></Glyph>
	<TextEquiv>
	<Unicode>sur</Unicode></TextEquiv></Word>
	<Word id="w1176">
	<Coords points="2640,3126 2670,3126 2670,3163 2639,3163 2639,3179 2535,3179 2535,3127 2640,3127"/>
	<Glyph id="c1177">
	<Coords points="2535,3127 2573,3127 2573,3179 2535,3179"/>
	<TextEquiv>
	<Unicode>g</Unicode></TextEquiv></Glyph>
	<Glyph id="c1178">
	<Coords points="2569,3127 2603,3127 2603,3164 2569,3164"/>
	<TextEquiv>
	<Unicode>a</Unicode></TextEquiv></Glyph>
	<Glyph id="c1179">
	<Coords points="2604,3127 2639,3127 2639,3179 2604,3179"/>
	<TextEquiv>
	<Unicode>g</Unicode></TextEquiv></Glyph>
	<Glyph id="c1180">
	<Coords points="2640,3126 2670,3126 2670,3163 2640,3163"/>
	<TextEquiv>
	<Unicode>e</Unicode></TextEquiv></Glyph>
	<TextEquiv>
	<Unicode>gage</Unicode></TextEquiv></Word>
	<Word id="w1181">
	<Coords points="2693,3123 2700,3123 2700,3180 2684,3180 2684,3131 2693,3131"/>
	<Glyph id="c1182">
	<Coords points="2684,3131 2700,3131 2700,3180 2684,3180"/>
	<TextEquiv>
	<Unicode>,</Unicode></TextEquiv></Glyph>
	<Glyph id="c1183">
	<Coords points="2693,3123 2700,3123 2700,3129 2693,3129"/>
	<TextEquiv>
	<Unicode>'</Unicode></TextEquiv></Glyph>
	<TextEquiv>
	<Unicode>,'</Unicode></TextEquiv></Word>
	<Word id="w1184">
	<Coords points="2734,3127 2912,3127 2912,3128 2947,3128 2947,3165 2811,3165 2811,3175 2765,3175 2765,3164 2734,3164"/>
	<Glyph id="c1185">
	<Coords points="2734,3127 2764,3127 2764,3164 2734,3164"/>
	<TextEquiv>
	<Unicode>c</Unicode></TextEquiv></Glyph>
	<Glyph id="c1186">
	<Coords points="2765,3127 2811,3127 2811,3175 2765,3175"/>
	<TextEquiv>
	<Unicode>o</Unicode></TextEquiv></Glyph>
	<Glyph id="c1187">
	<Coords points="2801,3127 2854,3127 2854,3165 2801,3165"/>
	<TextEquiv>
	<Unicode>m</Unicode></TextEquiv></Glyph>
	<Glyph id="c1188">
	<Coords points="2859,3127 2912,3127 2912,3164 2859,3164"/>
	<TextEquiv>
	<Unicode>m</Unicode></TextEquiv></Glyph>
	<Glyph id="c1189">
	<Coords points="2916,3128 2947,3128 2947,3165 2916,3165"/>
	<TextEquiv>
	<Unicode>e</Unicode></TextEquiv></Glyph>
	<TextEquiv>
	<Unicode>comme</Unicode></TextEquiv></Word>
	<TextEquiv>
	<Unicode>teurs, non pas avec de l’argent prété sur gage ,' comme</Unicode></TextEquiv></TextLine>
	<TextLine id="l1190">
	<Coords points="2193,3194 2221,3194 2221,3195 2315,3195 2315,3213 2508,3213 2508,3197 2522,3197 2522,3212 2553,3212 2553,3213 2603,3213 2603,3214 2831,3214 2831,3204 2927,3204 2927,3203 2948,3203 2948,3252 2922,3252 2922,3253 2826,3253 2826,3267 2791,3267 2791,3252 2662,3252 2662,3251 2605,3251 2605,3250 2391,3250 2391,3263 2370,3263 2370,3249 2223,3249 2223,3248 2069,3248 2069,3264 2025,3264 2025,3249 1982,3249 1982,3248 1811,3248 1811,3249 1510,3249 1510,3250 1472,3250 1472,3265 1451,3265 1451,3250 1316,3250 1316,3251 1300,3251 1300,3250 1242,3250 1242,3198 1277,3198 1277,3199 1384,3199 1384,3197 1478,3197 1478,3196 1588,3196 1588,3195 1604,3195 1604,3198 1631,3198 1631,3211 1743,3211 1743,3210 1782,3210 1782,3195 1960,3195 1960,3196 1980,3196 1980,3211 2012,3211 2012,3212 2193,3212"/>
	<Word id="w1191">
	<Coords points="1242,3198 1277,3198 1277,3249 1259,3249 1259,3250 1242,3250"/>
	<Glyph id="c1192">
	<Coords points="1242,3198 1259,3198 1259,3250 1242,3250"/>
	<TextEquiv>
	<Unicode>i</Unicode></TextEquiv></Glyph>
	<Glyph id="c1193">
	<Coords points="1263,3198 1277,3198 1277,3249 1263,3249"/>
	<TextEquiv>
	<Unicode>l</Unicode></TextEquiv></Glyph>
	<TextEquiv>
	<Unicode>il</Unicode></TextEquiv></Word>
	<Word id="w1194">
	<Coords points="1300,3199 1331,3199 1331,3214 1365,3214 1365,3250 1316,3250 1316,3251 1300,3251"/>
	<Glyph id="c1195">
	<Coords points="1300,3199 1316,3199 1316,3251 1300,3251"/>
	<TextEquiv>
	<Unicode>l</Unicode></TextEquiv></Glyph>
	<Glyph id="c1196">
	<Coords points="1319,3199 1331,3199 1331,3218 1319,3218"/>
	<TextEquiv>
	<Unicode>’</Unicode></TextEquiv></Glyph>
	<Glyph id="c1197">
	<Coords points="1334,3214 1365,3214 1365,3250 1334,3250"/>
	<TextEquiv>
	<Unicode>a</Unicode></TextEquiv></Glyph>
	<TextEquiv>
	<Unicode>l’a</Unicode></TextEquiv></Word>
	<Word id="w1198">
	<Coords points="1478,3196 1510,3196 1510,3250 1472,3250 1472,3265 1451,3265 1451,3250 1384,3250 1384,3197 1478,3197"/>
	<Glyph id="c1199">
	<Coords points="1384,3197 1422,3197 1422,3250 1384,3250"/>
	<TextEquiv>
	<Unicode>d</Unicode></TextEquiv></Glyph>
	<Glyph id="c1200">
	<Coords points="1426,3197 1456,3197 1456,3250 1426,3250"/>
	<TextEquiv>
	<Unicode>é</Unicode></TextEquiv></Glyph>
	<Glyph id="c1201">
	<Coords points="1451,3198 1472,3198 1472,3265 1451,3265"/>
	<TextEquiv>
	<Unicode>j</Unicode></TextEquiv></Glyph>
	<Glyph id="c1202">
	<Coords points="1478,3196 1510,3196 1510,3250 1478,3250"/>
	<TextEquiv>
	<Unicode>a</Unicode></TextEquiv></Glyph>
	<TextEquiv>
	<Unicode>déja</Unicode></TextEquiv></Word>
	<Word id="w1203">
	<Coords points="1588,3195 1604,3195 1604,3198 1631,3198 1631,3249 1533,3249 1533,3197 1588,3197"/>
	<Glyph id="c1204">
	<Coords points="1533,3197 1557,3197 1557,3249 1533,3249"/>
	<TextEquiv>
	<Unicode>f</Unicode></TextEquiv></Glyph>
	<Glyph id="c1205">
	<Coords points="1554,3211 1585,3211 1585,3248 1554,3248"/>
	<TextEquiv>
	<Unicode>a</Unicode></TextEquiv></Glyph>
	<Glyph id="c1206">
	<Coords points="1588,3195 1604,3195 1604,3248 1588,3248"/>
	<TextEquiv>
	<Unicode>i</Unicode></TextEquiv></Glyph>
	<Glyph id="c1207">
	<Coords points="1609,3198 1631,3198 1631,3249 1609,3249"/>
	<TextEquiv>
	<Unicode>t</Unicode></TextEquiv></Glyph>
	<TextEquiv>
	<Unicode>fait</Unicode></TextEquiv></Word>
	<Word id="w1208">
	<Coords points="1652,3211 1721,3211 1721,3248 1682,3248 1682,3249 1652,3249"/>
	<Glyph id="c1209">
	<Coords points="1652,3211 1682,3211 1682,3249 1652,3249"/>
	<TextEquiv>
	<Unicode>e</Unicode></TextEquiv></Glyph>
	<Glyph id="c1210">
	<Coords points="1685,3211 1721,3211 1721,3248 1685,3248"/>
	<TextEquiv>
	<Unicode>n</Unicode></TextEquiv></Glyph>
	<TextEquiv>
	<Unicode>en</Unicode></TextEquiv></Word>
	<Word id="w1211">
	<Coords points="1782,3195 1960,3195 1960,3196 1980,3196 1980,3211 2012,3211 2012,3249 1982,3249 1982,3248 1811,3248 1811,3249 1782,3249 1782,3247 1743,3247 1743,3210 1782,3210"/>
	<Glyph id="c1212">
	<Coords points="1743,3210 1780,3210 1780,3247 1743,3247"/>
	<TextEquiv>
	<Unicode>v</Unicode></TextEquiv></Glyph>
	<Glyph id="c1213">
	<Coords points="1782,3195 1811,3195 1811,3249 1782,3249"/>
	<TextEquiv>
	<Unicode>e</Unicode></TextEquiv></Glyph>
	<Glyph id="c1214">
	<Coords points="1813,3212 1842,3212 1842,3247 1813,3247"/>
	<TextEquiv>
	<Unicode>r</Unicode></TextEquiv></Glyph>
	<Glyph id="c1215">
	<Coords points="1846,3195 1861,3195 1861,3247 1846,3247"/>
	<TextEquiv>
	<Unicode>i</Unicode></TextEquiv></Glyph>
	<Glyph id="c1216">
	<Coords points="1865,3198 1887,3198 1887,3247 1865,3247"/>
	<TextEquiv>
	<Unicode>t</Unicode></TextEquiv></Glyph>
	<Glyph id="c1217">
	<Coords points="1889,3211 1920,3211 1920,3248 1889,3248"/>
	<TextEquiv>
	<Unicode>a</Unicode></TextEquiv></Glyph>
	<Glyph id="c1218">
	<Coords points="1923,3195 1960,3195 1960,3248 1923,3248"/>
	<TextEquiv>
	<Unicode>b</Unicode></TextEquiv></Glyph>
	<Glyph id="c1219">
	<Coords points="1962,3196 1980,3196 1980,3247 1962,3247"/>
	<TextEquiv>
	<Unicode>l</Unicode></TextEquiv></Glyph>
	<Glyph id="c1220">
	<Coords points="1982,3211 2012,3211 2012,3249 1982,3249"/>
	<TextEquiv>
	<Unicode>e</Unicode></TextEquiv></Glyph>
	<TextEquiv>
	<Unicode>veritable</Unicode></TextEquiv></Word>
	<Word id="w1221">
	<Coords points="2193,3194 2221,3194 2221,3195 2315,3195 2315,3213 2374,3213 2374,3236 2391,3236 2391,3263 2370,3263 2370,3249 2223,3249 2223,3248 2069,3248 2069,3264 2025,3264 2025,3212 2193,3212"/>
	<Glyph id="c1222">
	<Coords points="2025,3212 2069,3212 2069,3264 2025,3264"/>
	<TextEquiv>
	<Unicode>p</Unicode></TextEquiv></Glyph>
	<Glyph id="c1223">
	<Coords points="2066,3212 2100,3212 2100,3248 2066,3248"/>
	<TextEquiv>
	<Unicode>a</Unicode></TextEquiv></Glyph>
	<Glyph id="c1224">
	<Coords points="2103,3212 2151,3212 2151,3246 2103,3246"/>
	<TextEquiv>
	<Unicode>w</Unicode></TextEquiv></Glyph>
	<Glyph id="c1225">
	<Coords points="2154,3212 2190,3212 2190,3248 2154,3248"/>
	<TextEquiv>
	<Unicode>n</Unicode></TextEquiv></Glyph>
	<Glyph id="c1226">
	<Coords points="2193,3194 2221,3194 2221,3247 2193,3247"/>
	<TextEquiv>
	<Unicode>b</Unicode></TextEquiv></Glyph>
	<Glyph id="c1227">
	<Coords points="2223,3211 2255,3211 2255,3249 2223,3249"/>
	<TextEquiv>
	<Unicode>r</Unicode></TextEquiv></Glyph>
	<Glyph id="c1228">
	<Coords points="2251,3211 2281,3211 2281,3249 2251,3249"/>
	<TextEquiv>
	<Unicode>o</Unicode></TextEquiv></Glyph>
	<Glyph id="c1229">
	<Coords points="2282,3195 2315,3195 2315,3247 2282,3247"/>
	<TextEquiv>
	<Unicode>k</Unicode></TextEquiv></Glyph>
	<Glyph id="c1230">
	<Coords points="2314,3213 2341,3213 2341,3248 2314,3248"/>
	<TextEquiv>
	<Unicode>e</Unicode></TextEquiv></Glyph>
	<Glyph id="c1231">
	<Coords points="2342,3213 2374,3213 2374,3249 2342,3249"/>
	<TextEquiv>
	<Unicode>r</Unicode></TextEquiv></Glyph>
	<Glyph id="c1232">
	<Coords points="2370,3236 2391,3236 2391,3263 2370,3263"/>
	<TextEquiv>
	<Unicode>,</Unicode></TextEquiv></Glyph>
	<TextEquiv>
	<Unicode>pawnbroker,</Unicode></TextEquiv></Word>
	<Word id="w1233">
	<Coords points="2508,3197 2522,3197 2522,3212 2553,3212 2553,3250 2416,3250 2416,3213 2508,3213"/>
	<Glyph id="c1234">
	<Coords points="2416,3213 2468,3213 2468,3250 2416,3250"/>
	<TextEquiv>
	<Unicode>m</Unicode></TextEquiv></Glyph>
	<Glyph id="c1235">
	<Coords points="2473,3213 2505,3213 2505,3250 2473,3250"/>
	<TextEquiv>
	<Unicode>a</Unicode></TextEquiv></Glyph>
	<Glyph id="c1236">
	<Coords points="2508,3197 2522,3197 2522,3249 2508,3249"/>
	<TextEquiv>
	<Unicode>i</Unicode></TextEquiv></Glyph>
	<Glyph id="c1237">
	<Coords points="2527,3212 2553,3212 2553,3250 2527,3250"/>
	<TextEquiv>
	<Unicode>s</Unicode></TextEquiv></Glyph>
	<TextEquiv>
	<Unicode>mais</Unicode></TextEquiv></Word>
	<Word id="w1238">
	<Coords points="2573,3213 2603,3213 2603,3214 2641,3214 2641,3251 2605,3251 2605,3250 2573,3250"/>
	<Glyph id="c1239">
	<Coords points="2573,3213 2603,3213 2603,3250 2573,3250"/>
	<TextEquiv>
	<Unicode>e</Unicode></TextEquiv></Glyph>
	<Glyph id="c1240">
	<Coords points="2605,3214 2641,3214 2641,3251 2605,3251"/>
	<TextEquiv>
	<Unicode>n</Unicode></TextEquiv></Glyph>
	<TextEquiv>
	<Unicode>en</Unicode></TextEquiv></Word>
	<Word id="w1241">
	<Coords points="2927,3203 2948,3203 2948,3252 2922,3252 2922,3253 2826,3253 2826,3267 2791,3267 2791,3252 2662,3252 2662,3214 2831,3214 2831,3204 2927,3204"/>
	<Glyph id="c1242">
	<Coords points="2662,3214 2694,3214 2694,3252 2662,3252"/>
	<TextEquiv>
	<Unicode>a</Unicode></TextEquiv></Glyph>
	<Glyph id="c1243">
	<Coords points="2695,3214 2725,3214 2725,3250 2695,3250"/>
	<TextEquiv>
	<Unicode>c</Unicode></TextEquiv></Glyph>
	<Glyph id="c1244">
	<Coords points="2729,3214 2758,3214 2758,3252 2729,3252"/>
	<TextEquiv>
	<Unicode>c</Unicode></TextEquiv></Glyph>
	<Glyph id="c1245">
	<Coords points="2760,3215 2790,3215 2790,3252 2760,3252"/>
	<TextEquiv>
	<Unicode>e</Unicode></TextEquiv></Glyph>
	<Glyph id="c1246">
	<Coords points="2791,3216 2826,3216 2826,3267 2791,3267"/>
	<TextEquiv>
	<Unicode>p</Unicode></TextEquiv></Glyph>
	<Glyph id="c1247">
	<Coords points="2831,3204 2853,3204 2853,3252 2831,3252"/>
	<TextEquiv>
	<Unicode>t</Unicode></TextEquiv></Glyph>
	<Glyph id="c1248">
	<Coords points="2850,3215 2883,3215 2883,3252 2850,3252"/>
	<TextEquiv>
	<Unicode>a</Unicode></TextEquiv></Glyph>
	<Glyph id="c1249">
	<Coords points="2886,3217 2922,3217 2922,3253 2886,3253"/>
	<TextEquiv>
	<Unicode>n</Unicode></TextEquiv></Glyph>
	<Glyph id="c1250">
	<Coords points="2927,3203 2948,3203 2948,3252 2927,3252"/>
	<TextEquiv>
	<Unicode>t</Unicode></TextEquiv></Glyph>
	<TextEquiv>
	<Unicode>acceptant</Unicode></TextEquiv></Word>
	<TextEquiv>
	<Unicode>il l’a déja fait en veritable pawnbroker, mais en acceptant</Unicode></TextEquiv></TextLine>
	<TextLine id="l1251">
	<Coords points="1232,3272 1239,3272 1239,3273 1241,3273 1241,3275 1243,3275 1243,3276 1244,3276 1244,3277 1245,3277 1245,3278 1247,3278 1247,3280 1249,3280 1249,3281 1250,3281 1250,3282 1251,3282 1251,3283 1252,3283 1252,3284 1253,3284 1253,3285 1254,3285 1254,3286 1256,3286 1256,3287 1318,3287 1318,3301 1443,3301 1443,3286 1512,3286 1512,3302 1625,3302 1625,3300 1707,3300 1707,3283 1745,3283 1745,3299 1882,3299 1882,3282 1897,3282 1897,3283 1999,3283 1999,3285 2085,3285 2085,3298 2215,3298 2215,3285 2322,3285 2322,3284 2341,3284 2341,3283 2356,3283 2356,3299 2395,3299 2395,3301 2490,3301 2490,3302 2597,3302 2597,3288 2612,3288 2612,3286 2627,3286 2627,3287 2648,3287 2648,3290 2690,3290 2690,3302 2820,3302 2820,3303 2892,3303 2892,3304 2924,3304 2924,3317 2948,3317 2948,3327 2924,3327 2924,3340 2858,3340 2858,3357 2822,3357 2822,3340 2722,3340 2722,3339 2550,3339 2550,3354 2514,3354 2514,3338 2400,3338 2400,3337 2162,3337 2162,3336 1939,3336 1939,3337 1848,3337 1848,3352 1812,3352 1812,3337 1592,3337 1592,3338 1571,3338 1571,3354 1534,3354 1534,3339 1318,3339 1318,3340 1245,3340 1245,3287 1244,3287 1244,3286 1243,3286 1243,3285 1242,3285 1242,3284 1240,3284 1240,3282 1238,3282 1238,3281 1237,3281 1237,3280 1236,3280 1236,3279 1234,3279 1234,3277 1232,3277"/>
	<Word id="w1252">
	<Coords points="1232,3272 1239,3272 1239,3273 1241,3273 1241,3275 1243,3275 1243,3276 1244,3276 1244,3277 1245,3277 1245,3278 1247,3278 1247,3280 1249,3280 1249,3281 1250,3281 1250,3282 1251,3282 1251,3283 1252,3283 1252,3284 1253,3284 1253,3285 1254,3285 1254,3286 1256,3286 1256,3287 1318,3287 1318,3340 1245,3340 1245,3287 1244,3287 1244,3286 1243,3286 1243,3285 1242,3285 1242,3284 1240,3284 1240,3282 1238,3282 1238,3281 1237,3281 1237,3280 1236,3280 1236,3279 1234,3279 1234,3277 1232,3277"/>
	<Glyph id="c1253">
	<Coords points="1232,3272 1239,3272 1239,3276 1232,3276"/>
	<TextEquiv>
	<Unicode>'</Unicode></TextEquiv></Glyph>
	<Glyph id="c1254">
	<Coords points="1245,3287 1271,3287 1271,3340 1245,3340"/>
	<TextEquiv>
	<Unicode>1</Unicode></TextEquiv></Glyph>
	<Glyph id="c1255">
	<Coords points="1280,3287 1318,3287 1318,3340 1280,3340"/>
	<TextEquiv>
	<Unicode>0</Unicode></TextEquiv></Glyph>
	<TextEquiv>
	<Unicode>'10</Unicode></TextEquiv></Word>
	<Word id="w1256">
	<Coords points="1344,3301 1417,3301 1417,3339 1344,3339"/>
	<Glyph id="c1257">
	<Coords points="1344,3301 1376,3301 1376,3339 1344,3339"/>
	<TextEquiv>
	<Unicode>o</Unicode></TextEquiv></Glyph>
	<Glyph id="c1258">
	<Coords points="1379,3301 1417,3301 1417,3339 1379,3339"/>
	<TextEquiv>
	<Unicode>n</Unicode></TextEquiv></Glyph>
	<TextEquiv>
	<Unicode>on</Unicode></TextEquiv></Word>
	<Word id="w1259">
	<Coords points="1443,3286 1512,3286 1512,3339 1443,3339"/>
	<Glyph id="c1260">
	<Coords points="1443,3286 1469,3286 1469,3339 1443,3339"/>
	<TextEquiv>
	<Unicode>4</Unicode></TextEquiv></Glyph>
	<Glyph id="c1261">
	<Coords points="1481,3286 1512,3286 1512,3339 1481,3339"/>
	<TextEquiv>
	<Unicode>5</Unicode></TextEquiv></Glyph>
	<TextEquiv>
	<Unicode>45</Unicode></TextEquiv></Word>
	<Word id="w1262">
	<Coords points="1534,3302 1571,3302 1571,3324 1592,3324 1592,3338 1571,3338 1571,3354 1534,3354"/>
	<Glyph id="c1263">
	<Coords points="1534,3302 1571,3302 1571,3354 1534,3354"/>
	<TextEquiv>
	<Unicode>p</Unicode></TextEquiv></Glyph>
	<Glyph id="c1264">
	<Coords points="1579,3324 1592,3324 1592,3338 1579,3338"/>
	<TextEquiv>
	<Unicode>.</Unicode></TextEquiv></Glyph>
	<TextEquiv>
	<Unicode>p.</Unicode></TextEquiv></Word>
	<Word id="w1265">
	<Coords points="1625,3300 1655,3300 1655,3324 1675,3324 1675,3337 1625,3337"/>
	<Glyph id="c1266">
	<Coords points="1625,3300 1655,3300 1655,3337 1625,3337"/>
	<TextEquiv>
	<Unicode>c</Unicode></TextEquiv></Glyph>
	<Glyph id="c1267">
	<Coords points="1661,3324 1675,3324 1675,3337 1661,3337"/>
	<TextEquiv>
	<Unicode>.</Unicode></TextEquiv></Glyph>
	<TextEquiv>
	<Unicode>c.</Unicode></TextEquiv></Word>
	<Word id="w1268">
	<Coords points="1707,3283 1745,3283 1745,3299 1785,3299 1785,3337 1707,3337"/>
	<Glyph id="c1269">
	<Coords points="1707,3283 1745,3283 1745,3337 1707,3337"/>
	<TextEquiv>
	<Unicode>d</Unicode></TextEquiv></Glyph>
	<Glyph id="c1270">
	<Coords points="1746,3299 1785,3299 1785,3337 1746,3337"/>
	<TextEquiv>
	<Unicode>u</Unicode></TextEquiv></Glyph>
	<TextEquiv>
	<Unicode>du</Unicode></TextEquiv></Word>
	<Word id="w1271">
	<Coords points="1882,3282 1897,3282 1897,3300 1939,3300 1939,3337 1848,3337 1848,3352 1812,3352 1812,3300 1852,3300 1852,3299 1882,3299"/>
	<Glyph id="c1272">
	<Coords points="1812,3300 1848,3300 1848,3352 1812,3352"/>
	<TextEquiv>
	<Unicode>p</Unicode></TextEquiv></Glyph>
	<Glyph id="c1273">
	<Coords points="1852,3299 1880,3299 1880,3335 1852,3335"/>
	<TextEquiv>
	<Unicode>r</Unicode></TextEquiv></Glyph>
	<Glyph id="c1274">
	<Coords points="1882,3282 1897,3282 1897,3336 1882,3336"/>
	<TextEquiv>
	<Unicode>i</Unicode></TextEquiv></Glyph>
	<Glyph id="c1275">
	<Coords points="1901,3300 1939,3300 1939,3337 1901,3337"/>
	<TextEquiv>
	<Unicode>x</Unicode></TextEquiv></Glyph>
	<TextEquiv>
	<Unicode>prix</Unicode></TextEquiv></Word>
	<Word id="w1276">
	<Coords points="1962,3283 1999,3283 1999,3299 2034,3299 2034,3336 1962,3336"/>
	<Glyph id="c1277">
	<Coords points="1962,3283 1999,3283 1999,3336 1962,3336"/>
	<TextEquiv>
	<Unicode>d</Unicode></TextEquiv></Glyph>
	<Glyph id="c1278">
	<Coords points="2004,3299 2034,3299 2034,3336 2004,3336"/>
	<TextEquiv>
	<Unicode>e</Unicode></TextEquiv></Glyph>
	<TextEquiv>
	<Unicode>de</Unicode></TextEquiv></Word>
	<Word id="w1279">
	<Coords points="2063,3285 2085,3285 2085,3298 2119,3298 2119,3299 2189,3299 2189,3337 2162,3337 2162,3336 2086,3336 2086,3335 2063,3335"/>
	<Glyph id="c1280">
	<Coords points="2063,3285 2085,3285 2085,3335 2063,3335"/>
	<TextEquiv>
	<Unicode>t</Unicode></TextEquiv></Glyph>
	<Glyph id="c1281">
	<Coords points="2086,3298 2119,3298 2119,3336 2086,3336"/>
	<TextEquiv>
	<Unicode>o</Unicode></TextEquiv></Glyph>
	<Glyph id="c1282">
	<Coords points="2122,3299 2160,3299 2160,3336 2122,3336"/>
	<TextEquiv>
	<Unicode>u</Unicode></TextEquiv></Glyph>
	<Glyph id="c1283">
	<Coords points="2162,3299 2189,3299 2189,3337 2162,3337"/>
	<TextEquiv>
	<Unicode>s</Unicode></TextEquiv></Glyph>
	<TextEquiv>
	<Unicode>tous</Unicode></TextEquiv></Word>
	<Word id="w1284">
	<Coords points="2215,3285 2233,3285 2233,3299 2295,3299 2295,3337 2215,3337"/>
	<Glyph id="c1285">
	<Coords points="2215,3285 2233,3285 2233,3337 2215,3337"/>
	<TextEquiv>
	<Unicode>l</Unicode></TextEquiv></Glyph>
	<Glyph id="c1286">
	<Coords points="2236,3300 2265,3300 2265,3337 2236,3337"/>
	<TextEquiv>
	<Unicode>e</Unicode></TextEquiv></Glyph>
	<Glyph id="c1287">
	<Coords points="2268,3299 2295,3299 2295,3337 2268,3337"/>
	<TextEquiv>
	<Unicode>s</Unicode></TextEquiv></Glyph>
	<TextEquiv>
	<Unicode>les</Unicode></TextEquiv></Word>
	<Word id="w1288">
	<Coords points="2341,3283 2356,3283 2356,3299 2395,3299 2395,3301 2490,3301 2490,3338 2400,3338 2400,3337 2341,3337 2341,3336 2322,3336 2322,3284 2341,3284"/>
	<Glyph id="c1289">
	<Coords points="2322,3284 2336,3284 2336,3336 2322,3336"/>
	<TextEquiv>
	<Unicode>l</Unicode></TextEquiv></Glyph>
	<Glyph id="c1290">
	<Coords points="2341,3283 2356,3283 2356,3337 2341,3337"/>
	<TextEquiv>
	<Unicode>i</Unicode></TextEquiv></Glyph>
	<Glyph id="c1291">
	<Coords points="2362,3299 2395,3299 2395,3335 2362,3335"/>
	<TextEquiv>
	<Unicode>v</Unicode></TextEquiv></Glyph>
	<Glyph id="c1292">
	<Coords points="2400,3302 2430,3302 2430,3338 2400,3338"/>
	<TextEquiv>
	<Unicode>r</Unicode></TextEquiv></Glyph>
	<Glyph id="c1293">
	<Coords points="2431,3301 2460,3301 2460,3338 2431,3338"/>
	<TextEquiv>
	<Unicode>e</Unicode></TextEquiv></Glyph>
	<Glyph id="c1294">
	<Coords points="2464,3301 2490,3301 2490,3338 2464,3338"/>
	<TextEquiv>
	<Unicode>s</Unicode></TextEquiv></Glyph>
	<TextEquiv>
	<Unicode>livres</Unicode></TextEquiv></Word>
	<Word id="w1295">
	<Coords points="2612,3286 2627,3286 2627,3287 2648,3287 2648,3339 2550,3339 2550,3354 2514,3354 2514,3302 2597,3302 2597,3288 2612,3288"/>
	<Glyph id="c1296">
	<Coords points="2514,3302 2550,3302 2550,3354 2514,3354"/>
	<TextEquiv>
	<Unicode>q</Unicode></TextEquiv></Glyph>
	<Glyph id="c1297">
	<Coords points="2555,3302 2592,3302 2592,3339 2555,3339"/>
	<TextEquiv>
	<Unicode>u</Unicode></TextEquiv></Glyph>
	<Glyph id="c1298">
	<Coords points="2597,3288 2609,3288 2609,3307 2597,3307"/>
	<TextEquiv>
	<Unicode>’</Unicode></TextEquiv></Glyph>
	<Glyph id="c1299">
	<Coords points="2612,3286 2627,3286 2627,3339 2612,3339"/>
	<TextEquiv>
	<Unicode>i</Unicode></TextEquiv></Glyph>
	<Glyph id="c1300">
	<Coords points="2630,3287 2648,3287 2648,3339 2630,3339"/>
	<TextEquiv>
	<Unicode>l</Unicode></TextEquiv></Glyph>
	<TextEquiv>
	<Unicode>qu’il</Unicode></TextEquiv></Word>
	<Word id="w1301">
	<Coords points="2669,3290 2690,3290 2690,3302 2820,3302 2820,3303 2892,3303 2892,3304 2924,3304 2924,3317 2948,3317 2948,3327 2924,3327 2924,3340 2858,3340 2858,3357 2822,3357 2822,3340 2722,3340 2722,3339 2669,3339"/>
	<Glyph id="c1302">
	<Coords points="2669,3290 2690,3290 2690,3339 2669,3339"/>
	<TextEquiv>
	<Unicode>t</Unicode></TextEquiv></Glyph>
	<Glyph id="c1303">
	<Coords points="2692,3302 2721,3302 2721,3338 2692,3338"/>
	<TextEquiv>
	<Unicode>r</Unicode></TextEquiv></Glyph>
	<Glyph id="c1304">
	<Coords points="2722,3302 2753,3302 2753,3340 2722,3340"/>
	<TextEquiv>
	<Unicode>a</Unicode></TextEquiv></Glyph>
	<Glyph id="c1305">
	<Coords points="2756,3303 2792,3303 2792,3339 2756,3339"/>
	<TextEquiv>
	<Unicode>n</Unicode></TextEquiv></Glyph>
	<Glyph id="c1306">
	<Coords points="2795,3302 2820,3302 2820,3340 2795,3340"/>
	<TextEquiv>
	<Unicode>s</Unicode></TextEquiv></Glyph>
	<Glyph id="c1307">
	<Coords points="2822,3303 2858,3303 2858,3357 2822,3357"/>
	<TextEquiv>
	<Unicode>p</Unicode></TextEquiv></Glyph>
	<Glyph id="c1308">
	<Coords points="2860,3303 2892,3303 2892,3340 2860,3340"/>
	<TextEquiv>
	<Unicode>o</Unicode></TextEquiv></Glyph>
	<Glyph id="c1309">
	<Coords points="2896,3304 2924,3304 2924,3340 2896,3340"/>
	<TextEquiv>
	<Unicode>r</Unicode></TextEquiv></Glyph>
	<Glyph id="c1310">
	<Coords points="2924,3317 2948,3317 2948,3327 2924,3327"/>
	<TextEquiv>
	<Unicode>-</Unicode></TextEquiv></Glyph>
	<TextEquiv>
	<Unicode>transpor-</Unicode></TextEquiv></Word>
	<TextEquiv>
	<Unicode>'10 on 45 p. c. du prix de tous les livres qu’il transpor-</Unicode></TextEquiv></TextLine>
	<TextLine id="l1311">
	<Coords points="1954,3371 1969,3371 1969,3372 2143,3372 2143,3388 2452,3388 2452,3373 2469,3373 2469,3374 2501,3374 2501,3389 2539,3389 2539,3390 2648,3390 2648,3376 2670,3376 2670,3391 2802,3391 2802,3376 2817,3376 2817,3392 2904,3392 2904,3393 2945,3393 2945,3432 2908,3432 2908,3429 2670,3429 2670,3443 2648,3443 2648,3428 2604,3428 2604,3427 2501,3427 2501,3428 2470,3428 2470,3426 2419,3426 2419,3425 2073,3425 2073,3427 2041,3427 2041,3425 1824,3425 1824,3442 1809,3442 1809,3427 1650,3427 1650,3442 1614,3442 1614,3428 1455,3428 1455,3429 1423,3429 1423,3444 1387,3444 1387,3429 1244,3429 1244,3380 1265,3380 1265,3392 1425,3392 1425,3391 1514,3391 1514,3375 1531,3375 1531,3389 1652,3389 1652,3388 1714,3388 1714,3377 1737,3377 1737,3388 1855,3388 1855,3372 1954,3372"/>
	<Word id="w1312">
	<Coords points="1244,3380 1265,3380 1265,3392 1361,3392 1361,3429 1244,3429"/>
	<Glyph id="c1313">
	<Coords points="1244,3380 1265,3380 1265,3429 1244,3429"/>
	<TextEquiv>
	<Unicode>t</Unicode></TextEquiv></Glyph>
	<Glyph id="c1314">
	<Coords points="1267,3392 1297,3392 1297,3429 1267,3429"/>
	<TextEquiv>
	<Unicode>e</Unicode></TextEquiv></Glyph>
	<Glyph id="c1315">
	<Coords points="1300,3392 1328,3392 1328,3428 1300,3428"/>
	<TextEquiv>
	<Unicode>r</Unicode></TextEquiv></Glyph>
	<Glyph id="c1316">
	<Coords points="1329,3392 1361,3392 1361,3429 1329,3429"/>
	<TextEquiv>
	<Unicode>a</Unicode></TextEquiv></Glyph>
	<TextEquiv>
	<Unicode>tera</Unicode></TextEquiv></Word>
	<Word id="w1317">
	<Coords points="1425,3391 1488,3391 1488,3428 1455,3428 1455,3429 1423,3429 1423,3444 1387,3444 1387,3392 1425,3392"/>
	<Glyph id="c1318">
	<Coords points="1387,3392 1423,3392 1423,3444 1387,3444"/>
	<TextEquiv>
	<Unicode>p</Unicode></TextEquiv></Glyph>
	<Glyph id="c1319">
	<Coords points="1425,3391 1455,3391 1455,3429 1425,3429"/>
	<TextEquiv>
	<Unicode>a</Unicode></TextEquiv></Glyph>
	<Glyph id="c1320">
	<Coords points="1458,3391 1488,3391 1488,3428 1458,3428"/>
	<TextEquiv>
	<Unicode>r</Unicode></TextEquiv></Glyph>
	<TextEquiv>
	<Unicode>par</Unicode></TextEquiv></Word>
	<Word id="w1321">
	<Coords points="1514,3375 1531,3375 1531,3389 1594,3389 1594,3426 1564,3426 1564,3427 1531,3427 1531,3428 1514,3428"/>
	<Glyph id="c1322">
	<Coords points="1514,3375 1531,3375 1531,3428 1514,3428"/>
	<TextEquiv>
	<Unicode>l</Unicode></TextEquiv></Glyph>
	<Glyph id="c1323">
	<Coords points="1534,3390 1564,3390 1564,3427 1534,3427"/>
	<TextEquiv>
	<Unicode>e</Unicode></TextEquiv></Glyph>
	<Glyph id="c1324">
	<Coords points="1568,3389 1594,3389 1594,3426 1568,3426"/>
	<TextEquiv>
	<Unicode>s</Unicode></TextEquiv></Glyph>
	<TextEquiv>
	<Unicode>les</Unicode></TextEquiv></Word>
	<Word id="w1325">
	<Coords points="1714,3377 1737,3377 1737,3388 1797,3388 1797,3412 1824,3412 1824,3442 1809,3442 1809,3427 1650,3427 1650,3442 1614,3442 1614,3390 1652,3390 1652,3388 1714,3388"/>
	<Glyph id="c1326">
	<Coords points="1614,3390 1650,3390 1650,3442 1614,3442"/>
	<TextEquiv>
	<Unicode>p</Unicode></TextEquiv></Glyph>
	<Glyph id="c1327">
	<Coords points="1652,3388 1684,3388 1684,3427 1652,3427"/>
	<TextEquiv>
	<Unicode>o</Unicode></TextEquiv></Glyph>
	<Glyph id="c1328">
	<Coords points="1686,3388 1711,3388 1711,3426 1686,3426"/>
	<TextEquiv>
	<Unicode>s</Unicode></TextEquiv></Glyph>
	<Glyph id="c1329">
	<Coords points="1714,3377 1737,3377 1737,3426 1714,3426"/>
	<TextEquiv>
	<Unicode>t</Unicode></TextEquiv></Glyph>
	<Glyph id="c1330">
	<Coords points="1739,3389 1768,3389 1768,3426 1739,3426"/>
	<TextEquiv>
	<Unicode>e</Unicode></TextEquiv></Glyph>
	<Glyph id="c1331">
	<Coords points="1771,3388 1797,3388 1797,3427 1771,3427"/>
	<TextEquiv>
	<Unicode>s</Unicode></TextEquiv></Glyph>
	<Glyph id="c1332">
	<Coords points="1809,3412 1824,3412 1824,3442 1809,3442"/>
	<TextEquiv>
	<Unicode>,</Unicode></TextEquiv></Glyph>
	<TextEquiv>
	<Unicode>postes,</Unicode></TextEquiv></Word>
	<Word id="w1333">
	<Coords points="1855,3372 1872,3372 1872,3389 1906,3389 1906,3425 1855,3425"/>
	<Glyph id="c1334">
	<Coords points="1855,3372 1872,3372 1872,3425 1855,3425"/>
	<TextEquiv>
	<Unicode>l</Unicode></TextEquiv></Glyph>
	<Glyph id="c1335">
	<Coords points="1874,3389 1906,3389 1906,3425 1874,3425"/>
	<TextEquiv>
	<Unicode>a</Unicode></TextEquiv></Glyph>
	<TextEquiv>
	<Unicode>la</Unicode></TextEquiv></Word>
	<Word id="w1336">
	<Coords points="1954,3371 1969,3371 1969,3372 2143,3372 2143,3388 2178,3388 2178,3425 2073,3425 2073,3427 2041,3427 2041,3425 1933,3425 1933,3373 1954,3373"/>
	<Glyph id="c1337">
	<Coords points="1933,3373 1949,3373 1949,3425 1933,3425"/>
	<TextEquiv>
	<Unicode>l</Unicode></TextEquiv></Glyph>
	<Glyph id="c1338">
	<Coords points="1954,3371 1969,3371 1969,3424 1954,3424"/>
	<TextEquiv>
	<Unicode>i</Unicode></TextEquiv></Glyph>
	<Glyph id="c1339">
	<Coords points="1972,3372 2010,3372 2010,3425 1972,3425"/>
	<TextEquiv>
	<Unicode>b</Unicode></TextEquiv></Glyph>
	<Glyph id="c1340">
	<Coords points="2013,3388 2040,3388 2040,3424 2013,3424"/>
	<TextEquiv>
	<Unicode>r</Unicode></TextEquiv></Glyph>
	<Glyph id="c1341">
	<Coords points="2041,3388 2073,3388 2073,3427 2041,3427"/>
	<TextEquiv>
	<Unicode>a</Unicode></TextEquiv></Glyph>
	<Glyph id="c1342">
	<Coords points="2077,3372 2091,3372 2091,3424 2077,3424"/>
	<TextEquiv>
	<Unicode>i</Unicode></TextEquiv></Glyph>
	<Glyph id="c1343">
	<Coords points="2097,3388 2125,3388 2125,3424 2097,3424"/>
	<TextEquiv>
	<Unicode>r</Unicode></TextEquiv></Glyph>
	<Glyph id="c1344">
	<Coords points="2128,3372 2143,3372 2143,3424 2128,3424"/>
	<TextEquiv>
	<Unicode>i</Unicode></TextEquiv></Glyph>
	<Glyph id="c1345">
	<Coords points="2148,3388 2178,3388 2178,3425 2148,3425"/>
	<TextEquiv>
	<Unicode>e</Unicode></TextEquiv></Glyph>
	<TextEquiv>
	<Unicode>librairie</Unicode></TextEquiv></Word>
	<Word id="w1346">
	<Coords points="2206,3388 2276,3388 2276,3425 2245,3425 2245,3424 2206,3424"/>
	<Glyph id="c1347">
	<Coords points="2206,3388 2242,3388 2242,3424 2206,3424"/>
	<TextEquiv>
	<Unicode>n</Unicode></TextEquiv></Glyph>
	<Glyph id="c1348">
	<Coords points="2245,3388 2276,3388 2276,3425 2245,3425"/>
	<TextEquiv>
	<Unicode>e</Unicode></TextEquiv></Glyph>
	<TextEquiv>
	<Unicode>ne</Unicode></TextEquiv></Word>
	<Word id="w1349">
	<Coords points="2302,3388 2361,3388 2361,3425 2302,3425"/>
	<Glyph id="c1350">
	<Coords points="2302,3388 2328,3388 2328,3425 2302,3425"/>
	<TextEquiv>
	<Unicode>s</Unicode></TextEquiv></Glyph>
	<Glyph id="c1351">
	<Coords points="2331,3388 2361,3388 2361,3425 2331,3425"/>
	<TextEquiv>
	<Unicode>e</Unicode></TextEquiv></Glyph>
	<TextEquiv>
	<Unicode>se</Unicode></TextEquiv></Word>
	<Word id="w1352">
	<Coords points="2452,3373 2469,3373 2469,3374 2501,3374 2501,3389 2539,3389 2539,3390 2636,3390 2636,3428 2604,3428 2604,3427 2501,3427 2501,3428 2470,3428 2470,3426 2419,3426 2419,3425 2388,3425 2388,3389 2452,3389"/>
	<Glyph id="c1353">
	<Coords points="2388,3389 2417,3389 2417,3425 2388,3425"/>
	<TextEquiv>
	<Unicode>r</Unicode></TextEquiv></Glyph>
	<Glyph id="c1354">
	<Coords points="2419,3389 2449,3389 2449,3426 2419,3426"/>
	<TextEquiv>
	<Unicode>e</Unicode></TextEquiv></Glyph>
	<Glyph id="c1355">
	<Coords points="2452,3373 2469,3373 2469,3426 2452,3426"/>
	<TextEquiv>
	<Unicode>l</Unicode></TextEquiv></Glyph>
	<Glyph id="c1356">
	<Coords points="2470,3374 2501,3374 2501,3428 2470,3428"/>
	<TextEquiv>
	<Unicode>é</Unicode></TextEquiv></Glyph>
	<Glyph id="c1357">
	<Coords points="2503,3389 2539,3389 2539,3425 2503,3425"/>
	<TextEquiv>
	<Unicode>v</Unicode></TextEquiv></Glyph>
	<Glyph id="c1358">
	<Coords points="2542,3390 2572,3390 2572,3427 2542,3427"/>
	<TextEquiv>
	<Unicode>e</Unicode></TextEquiv></Glyph>
	<Glyph id="c1359">
	<Coords points="2574,3390 2604,3390 2604,3426 2574,3426"/>
	<TextEquiv>
	<Unicode>r</Unicode></TextEquiv></Glyph>
	<Glyph id="c1360">
	<Coords points="2604,3390 2636,3390 2636,3428 2604,3428"/>
	<TextEquiv>
	<Unicode>a</Unicode></TextEquiv></Glyph>
	<TextEquiv>
	<Unicode>relévera</Unicode></TextEquiv></Word>
	<Word id="w1361">
	<Coords points="2648,3376 2670,3376 2670,3391 2802,3391 2802,3376 2817,3376 2817,3392 2848,3392 2848,3429 2670,3429 2670,3443 2648,3443"/>
	<Glyph id="c1362">
	<Coords points="2648,3376 2670,3376 2670,3443 2648,3443"/>
	<TextEquiv>
	<Unicode>j</Unicode></TextEquiv></Glyph>
	<Glyph id="c1363">
	<Coords points="2676,3392 2708,3392 2708,3428 2676,3428"/>
	<TextEquiv>
	<Unicode>a</Unicode></TextEquiv></Glyph>
	<Glyph id="c1364">
	<Coords points="2711,3391 2764,3391 2764,3428 2711,3428"/>
	<TextEquiv>
	<Unicode>m</Unicode></TextEquiv></Glyph>
	<Glyph id="c1365">
	<Coords points="2768,3391 2798,3391 2798,3429 2768,3429"/>
	<TextEquiv>
	<Unicode>a</Unicode></TextEquiv></Glyph>
	<Glyph id="c1366">
	<Coords points="2802,3376 2817,3376 2817,3428 2802,3428"/>
	<TextEquiv>
	<Unicode>i</Unicode></TextEquiv></Glyph>
	<Glyph id="c1367">
	<Coords points="2822,3392 2848,3392 2848,3429 2822,3429"/>
	<TextEquiv>
	<Unicode>s</Unicode></TextEquiv></Glyph>
	<TextEquiv>
	<Unicode>jamais</Unicode></TextEquiv></Word>
	<Word id="w1368">
	<Coords points="2874,3392 2904,3392 2904,3393 2945,3393 2945,3432 2908,3432 2908,3429 2874,3429"/>
	<Glyph id="c1369">
	<Coords points="2874,3392 2904,3392 2904,3429 2874,3429"/>
	<TextEquiv>
	<Unicode>e</Unicode></TextEquiv></Glyph>
	<Glyph id="c1370">
	<Coords points="2908,3393 2945,3393 2945,3432 2908,3432"/>
	<TextEquiv>
	<Unicode>n</Unicode></TextEquiv></Glyph>
	<TextEquiv>
	<Unicode>en</Unicode></TextEquiv></Word>
	<TextEquiv>
	<Unicode>tera par les postes, la librairie ne se relévera jamais en</Unicode></TextEquiv></TextLine>
	<TextLine id="l1371">
	<Coords points="2134,3461 2171,3461 2171,3464 2269,3464 2269,3477 2439,3477 2439,3462 2595,3462 2595,3463 2700,3463 2700,3479 2728,3479 2728,3481 2894,3481 2894,3466 2910,3466 2910,3481 2944,3481 2944,3518 2831,3518 2831,3519 2798,3519 2798,3534 2761,3534 2761,3517 2566,3517 2566,3516 2439,3516 2439,3515 2304,3515 2304,3514 2171,3514 2171,3515 2131,3515 2131,3516 2065,3516 2065,3529 2030,3529 2030,3514 1891,3514 1891,3515 1619,3515 1619,3516 1546,3516 1546,3517 1481,3517 1481,3533 1466,3533 1466,3518 1314,3518 1314,3519 1243,3519 1243,3466 1284,3466 1284,3481 1420,3481 1420,3480 1525,3480 1525,3467 1546,3467 1546,3478 1690,3478 1690,3464 1707,3464 1707,3465 1828,3465 1828,3477 2134,3477"/>
	<Word id="w1372">
	<Coords points="1243,3466 1284,3466 1284,3481 1420,3481 1420,3480 1451,3480 1451,3484 1481,3484 1481,3533 1466,3533 1466,3518 1314,3518 1314,3519 1243,3519"/>
	<Glyph id="c1373">
	<Coords points="1243,3466 1284,3466 1284,3519 1243,3519"/>
	<TextEquiv>
	<Unicode>F</Unicode></TextEquiv></Glyph>
	<Glyph id="c1374">
	<Coords points="1286,3482 1314,3482 1314,3519 1286,3519"/>
	<TextEquiv>
	<Unicode>r</Unicode></TextEquiv></Glyph>
	<Glyph id="c1375">
	<Coords points="1314,3481 1345,3481 1345,3518 1314,3518"/>
	<TextEquiv>
	<Unicode>a</Unicode></TextEquiv></Glyph>
	<Glyph id="c1376">
	<Coords points="1350,3482 1386,3482 1386,3518 1350,3518"/>
	<TextEquiv>
	<Unicode>n</Unicode></TextEquiv></Glyph>
	<Glyph id="c1377">
	<Coords points="1388,3481 1419,3481 1419,3518 1388,3518"/>
	<TextEquiv>
	<Unicode>c</Unicode></TextEquiv></Glyph>
	<Glyph id="c1378">
	<Coords points="1420,3480 1451,3480 1451,3518 1420,3518"/>
	<TextEquiv>
	<Unicode>e</Unicode></TextEquiv></Glyph>
	<Glyph id="c1379">
	<Coords points="1466,3484 1481,3484 1481,3533 1466,3533"/>
	<TextEquiv>
	<Unicode>;</Unicode></TextEquiv></Glyph>
	<TextEquiv>
	<Unicode>France;</Unicode></TextEquiv></Word>
	<Word id="w1380">
	<Coords points="1525,3467 1546,3467 1546,3478 1650,3478 1650,3515 1619,3515 1619,3516 1546,3516 1546,3517 1525,3517"/>
	<Glyph id="c1381">
	<Coords points="1525,3467 1546,3467 1546,3517 1525,3517"/>
	<TextEquiv>
	<Unicode>t</Unicode></TextEquiv></Glyph>
	<Glyph id="c1382">
	<Coords points="1548,3478 1580,3478 1580,3515 1548,3515"/>
	<TextEquiv>
	<Unicode>o</Unicode></TextEquiv></Glyph>
	<Glyph id="c1383">
	<Coords points="1583,3479 1619,3479 1619,3516 1583,3516"/>
	<TextEquiv>
	<Unicode>u</Unicode></TextEquiv></Glyph>
	<Glyph id="c1384">
	<Coords points="1624,3478 1650,3478 1650,3515 1624,3515"/>
	<TextEquiv>
	<Unicode>s</Unicode></TextEquiv></Glyph>
	<TextEquiv>
	<Unicode>tous</Unicode></TextEquiv></Word>
	<Word id="w1385">
	<Coords points="1690,3464 1707,3464 1707,3477 1770,3477 1770,3515 1690,3515"/>
	<Glyph id="c1386">
	<Coords points="1690,3464 1707,3464 1707,3515 1690,3515"/>
	<TextEquiv>
	<Unicode>l</Unicode></TextEquiv></Glyph>
	<Glyph id="c1387">
	<Coords points="1711,3478 1740,3478 1740,3515 1711,3515"/>
	<TextEquiv>
	<Unicode>e</Unicode></TextEquiv></Glyph>
	<Glyph id="c1388">
	<Coords points="1744,3477 1770,3477 1770,3515 1744,3515"/>
	<TextEquiv>
	<Unicode>s</Unicode></TextEquiv></Glyph>
	<TextEquiv>
	<Unicode>les</Unicode></TextEquiv></Word>
	<Word id="w1389">
	<Coords points="1805,3465 1828,3465 1828,3477 1992,3477 1992,3514 1891,3514 1891,3515 1805,3515"/>
	<Glyph id="c1390">
	<Coords points="1805,3465 1828,3465 1828,3515 1805,3515"/>
	<TextEquiv>
	<Unicode>t</Unicode></TextEquiv></Glyph>
	<Glyph id="c1391">
	<Coords points="1829,3477 1859,3477 1859,3514 1829,3514"/>
	<TextEquiv>
	<Unicode>r</Unicode></TextEquiv></Glyph>
	<Glyph id="c1392">
	<Coords points="1859,3477 1891,3477 1891,3515 1859,3515"/>
	<TextEquiv>
	<Unicode>o</Unicode></TextEquiv></Glyph>
	<Glyph id="c1393">
	<Coords points="1895,3477 1931,3477 1931,3514 1895,3514"/>
	<TextEquiv>
	<Unicode>n</Unicode></TextEquiv></Glyph>
	<Glyph id="c1394">
	<Coords points="1934,3477 1965,3477 1965,3514 1934,3514"/>
	<TextEquiv>
	<Unicode>c</Unicode></TextEquiv></Glyph>
	<Glyph id="c1395">
	<Coords points="1963,3477 1992,3477 1992,3514 1963,3514"/>
	<TextEquiv>
	<Unicode>s</Unicode></TextEquiv></Glyph>
	<TextEquiv>
	<Unicode>troncs</Unicode></TextEquiv></Word>
	<Word id="w1396">
	<Coords points="2134,3461 2171,3461 2171,3464 2269,3464 2269,3477 2400,3477 2400,3515 2304,3515 2304,3514 2171,3514 2171,3515 2131,3515 2131,3516 2065,3516 2065,3529 2030,3529 2030,3477 2134,3477"/>
	<Glyph id="c1397">
	<Coords points="2030,3477 2065,3477 2065,3529 2030,3529"/>
	<TextEquiv>
	<Unicode>p</Unicode></TextEquiv></Glyph>
	<Glyph id="c1398">
	<Coords points="2069,3477 2098,3477 2098,3514 2069,3514"/>
	<TextEquiv>
	<Unicode>r</Unicode></TextEquiv></Glyph>
	<Glyph id="c1399">
	<Coords points="2099,3477 2131,3477 2131,3516 2099,3516"/>
	<TextEquiv>
	<Unicode>o</Unicode></TextEquiv></Glyph>
	<Glyph id="c1400">
	<Coords points="2134,3461 2171,3461 2171,3515 2134,3515"/>
	<TextEquiv>
	<Unicode>d</Unicode></TextEquiv></Glyph>
	<Glyph id="c1401">
	<Coords points="2172,3477 2210,3477 2210,3514 2172,3514"/>
	<TextEquiv>
	<Unicode>u</Unicode></TextEquiv></Glyph>
	<Glyph id="c1402">
	<Coords points="2214,3477 2244,3477 2244,3514 2214,3514"/>
	<TextEquiv>
	<Unicode>c</Unicode></TextEquiv></Glyph>
	<Glyph id="c1403">
	<Coords points="2247,3464 2269,3464 2269,3514 2247,3514"/>
	<TextEquiv>
	<Unicode>t</Unicode></TextEquiv></Glyph>
	<Glyph id="c1404">
	<Coords points="2270,3477 2300,3477 2300,3514 2270,3514"/>
	<TextEquiv>
	<Unicode>e</Unicode></TextEquiv></Glyph>
	<Glyph id="c1405">
	<Coords points="2304,3478 2340,3478 2340,3515 2304,3515"/>
	<TextEquiv>
	<Unicode>u</Unicode></TextEquiv></Glyph>
	<Glyph id="c1406">
	<Coords points="2343,3478 2373,3478 2373,3515 2343,3515"/>
	<TextEquiv>
	<Unicode>r</Unicode></TextEquiv></Glyph>
	<Glyph id="c1407">
	<Coords points="2374,3477 2400,3477 2400,3515 2374,3515"/>
	<TextEquiv>
	<Unicode>s</Unicode></TextEquiv></Glyph>
	<TextEquiv>
	<Unicode>producteurs</Unicode></TextEquiv></Word>
	<Word id="w1408">
	<Coords points="2439,3462 2595,3462 2595,3463 2700,3463 2700,3479 2728,3479 2728,3516 2700,3516 2700,3517 2566,3517 2566,3516 2439,3516"/>
	<Glyph id="c1409">
	<Coords points="2439,3462 2475,3462 2475,3516 2439,3516"/>
	<TextEquiv>
	<Unicode>d</Unicode></TextEquiv></Glyph>
	<Glyph id="c1410">
	<Coords points="2479,3478 2509,3478 2509,3515 2479,3515"/>
	<TextEquiv>
	<Unicode>e</Unicode></TextEquiv></Glyph>
	<Glyph id="c1411">
	<Coords points="2511,3478 2536,3478 2536,3516 2511,3516"/>
	<TextEquiv>
	<Unicode>s</Unicode></TextEquiv></Glyph>
	<Glyph id="c1412">
	<Coords points="2539,3478 2564,3478 2564,3516 2539,3516"/>
	<TextEquiv>
	<Unicode>s</Unicode></TextEquiv></Glyph>
	<Glyph id="c1413">
	<Coords points="2566,3462 2595,3462 2595,3517 2566,3517"/>
	<TextEquiv>
	<Unicode>é</Unicode></TextEquiv></Glyph>
	<Glyph id="c1414">
	<Coords points="2599,3478 2628,3478 2628,3517 2599,3517"/>
	<TextEquiv>
	<Unicode>c</Unicode></TextEquiv></Glyph>
	<Glyph id="c1415">
	<Coords points="2631,3464 2667,3464 2667,3517 2631,3517"/>
	<TextEquiv>
	<Unicode>h</Unicode></TextEquiv></Glyph>
	<Glyph id="c1416">
	<Coords points="2670,3463 2700,3463 2700,3517 2670,3517"/>
	<TextEquiv>
	<Unicode>é</Unicode></TextEquiv></Glyph>
	<Glyph id="c1417">
	<Coords points="2702,3479 2728,3479 2728,3516 2702,3516"/>
	<TextEquiv>
	<Unicode>s</Unicode></TextEquiv></Glyph>
	<TextEquiv>
	<Unicode>desséchés</Unicode></TextEquiv></Word>
	<Word id="w1418">
	<Coords points="2799,3481 2862,3481 2862,3518 2831,3518 2831,3519 2798,3519 2798,3534 2761,3534 2761,3482 2799,3482"/>
	<Glyph id="c1419">
	<Coords points="2761,3482 2798,3482 2798,3534 2761,3534"/>
	<TextEquiv>
	<Unicode>p</Unicode></TextEquiv></Glyph>
	<Glyph id="c1420">
	<Coords points="2799,3481 2831,3481 2831,3519 2799,3519"/>
	<TextEquiv>
	<Unicode>a</Unicode></TextEquiv></Glyph>
	<Glyph id="c1421">
	<Coords points="2834,3481 2862,3481 2862,3518 2834,3518"/>
	<TextEquiv>
	<Unicode>r</Unicode></TextEquiv></Glyph>
	<TextEquiv>
	<Unicode>par</Unicode></TextEquiv></Word>
	<Word id="w1422">
	<Coords points="2894,3466 2910,3466 2910,3481 2944,3481 2944,3518 2894,3518"/>
	<Glyph id="c1423">
	<Coords points="2894,3466 2910,3466 2910,3518 2894,3518"/>
	<TextEquiv>
	<Unicode>l</Unicode></TextEquiv></Glyph>
	<Glyph id="c1424">
	<Coords points="2914,3481 2944,3481 2944,3518 2914,3518"/>
	<TextEquiv>
	<Unicode>e</Unicode></TextEquiv></Glyph>
	<TextEquiv>
	<Unicode>le</Unicode></TextEquiv></Word>
	<TextEquiv>
	<Unicode>France; tous les troncs producteurs desséchés par le</Unicode></TextEquiv></TextLine>
	<TextLine id="l1425">
	<Coords points="1875,3551 1963,3551 1963,3566 2127,3566 2127,3555 2176,3555 2176,3552 2194,3552 2194,3567 2418,3567 2418,3551 2434,3551 2434,3552 2560,3552 2560,3554 2857,3554 2857,3555 2908,3555 2908,3570 2944,3570 2944,3607 2908,3607 2908,3608 2840,3608 2840,3609 2808,3609 2808,3608 2740,3608 2740,3607 2641,3607 2641,3606 2354,3606 2354,3621 2319,3621 2319,3604 1722,3604 1722,3622 1707,3622 1707,3605 1561,3605 1561,3606 1445,3606 1445,3607 1366,3607 1366,3622 1275,3622 1275,3623 1241,3623 1241,3572 1278,3572 1278,3571 1319,3571 1319,3554 1335,3554 1335,3555 1409,3555 1409,3567 1750,3567 1750,3552 1875,3552"/>
	<Word id="w1426">
	<Coords points="1319,3554 1335,3554 1335,3607 1315,3607 1315,3608 1275,3608 1275,3623 1241,3623 1241,3572 1278,3572 1278,3571 1319,3571"/>
	<Glyph id="c1427">
	<Coords points="1241,3572 1275,3572 1275,3623 1241,3623"/>
	<TextEquiv>
	<Unicode>g</Unicode></TextEquiv></Glyph>
	<Glyph id="c1428">
	<Coords points="1278,3571 1315,3571 1315,3608 1278,3608"/>
	<TextEquiv>
	<Unicode>u</Unicode></TextEquiv></Glyph>
	<Glyph id="c1429">
	<Coords points="1319,3554 1335,3554 1335,3607 1319,3607"/>
	<TextEquiv>
	<Unicode>i</Unicode></TextEquiv></Glyph>
	<TextEquiv>
	<Unicode>gui</Unicode></TextEquiv></Word>
	<Word id="w1430">
	<Coords points="1352,3594 1366,3594 1366,3622 1352,3622"/>
	<Glyph id="c1431">
	<Coords points="1352,3594 1366,3594 1366,3622 1352,3622"/>
	<TextEquiv>
	<Unicode>,</Unicode></TextEquiv></Glyph>
	<TextEquiv>
	<Unicode>,</Unicode></TextEquiv></Word>
	<Word id="w1432">
	<Coords points="1392,3555 1409,3555 1409,3569 1445,3569 1445,3607 1412,3607 1412,3606 1392,3606"/>
	<Glyph id="c1433">
	<Coords points="1392,3555 1409,3555 1409,3606 1392,3606"/>
	<TextEquiv>
	<Unicode>l</Unicode></TextEquiv></Glyph>
	<Glyph id="c1434">
	<Coords points="1412,3569 1445,3569 1445,3607 1412,3607"/>
	<TextEquiv>
	<Unicode>a</Unicode></TextEquiv></Glyph>
	<TextEquiv>
	<Unicode>la</Unicode></TextEquiv></Word>
	<Word id="w1435">
	<Coords points="1472,3567 1693,3567 1693,3591 1722,3591 1722,3622 1707,3622 1707,3605 1561,3605 1561,3606 1529,3606 1529,3605 1472,3605"/>
	<Glyph id="c1436">
	<Coords points="1472,3567 1527,3567 1527,3605 1472,3605"/>
	<TextEquiv>
	<Unicode>m</Unicode></TextEquiv></Glyph>
	<Glyph id="c1437">
	<Coords points="1529,3567 1561,3567 1561,3606 1529,3606"/>
	<TextEquiv>
	<Unicode>o</Unicode></TextEquiv></Glyph>
	<Glyph id="c1438">
	<Coords points="1565,3568 1602,3568 1602,3605 1565,3605"/>
	<TextEquiv>
	<Unicode>u</Unicode></TextEquiv></Glyph>
	<Glyph id="c1439">
	<Coords points="1605,3567 1631,3567 1631,3604 1605,3604"/>
	<TextEquiv>
	<Unicode>s</Unicode></TextEquiv></Glyph>
	<Glyph id="c1440">
	<Coords points="1633,3567 1660,3567 1660,3605 1633,3605"/>
	<TextEquiv>
	<Unicode>s</Unicode></TextEquiv></Glyph>
	<Glyph id="c1441">
	<Coords points="1664,3567 1693,3567 1693,3604 1664,3604"/>
	<TextEquiv>
	<Unicode>e</Unicode></TextEquiv></Glyph>
	<Glyph id="c1442">
	<Coords points="1707,3591 1722,3591 1722,3622 1707,3622"/>
	<TextEquiv>
	<Unicode>,</Unicode></TextEquiv></Glyph>
	<TextEquiv>
	<Unicode>mousse,</Unicode></TextEquiv></Word>
	<Word id="w1443">
	<Coords points="1750,3552 1768,3552 1768,3567 1829,3567 1829,3604 1750,3604"/>
	<Glyph id="c1444">
	<Coords points="1750,3552 1768,3552 1768,3604 1750,3604"/>
	<TextEquiv>
	<Unicode>l</Unicode></TextEquiv></Glyph>
	<Glyph id="c1445">
	<Coords points="1770,3567 1800,3567 1800,3604 1770,3604"/>
	<TextEquiv>
	<Unicode>e</Unicode></TextEquiv></Glyph>
	<Glyph id="c1446">
	<Coords points="1803,3567 1829,3567 1829,3604 1803,3604"/>
	<TextEquiv>
	<Unicode>s</Unicode></TextEquiv></Glyph>
	<TextEquiv>
	<Unicode>les</Unicode></TextEquiv></Word>
	<Word id="w1447">
	<Coords points="1875,3551 1963,3551 1963,3566 2065,3566 2065,3604 1855,3604 1855,3552 1875,3552"/>
	<Glyph id="c1448">
	<Coords points="1855,3552 1872,3552 1872,3604 1855,3604"/>
	<TextEquiv>
	<Unicode>l</Unicode></TextEquiv></Glyph>
	<Glyph id="c1449">
	<Coords points="1875,3551 1891,3551 1891,3604 1875,3604"/>
	<TextEquiv>
	<Unicode>i</Unicode></TextEquiv></Glyph>
	<Glyph id="c1450">
	<Coords points="1895,3567 1925,3567 1925,3604 1895,3604"/>
	<TextEquiv>
	<Unicode>c</Unicode></TextEquiv></Glyph>
	<Glyph id="c1451">
	<Coords points="1928,3551 1963,3551 1963,3604 1928,3604"/>
	<TextEquiv>
	<Unicode>h</Unicode></TextEquiv></Glyph>
	<Glyph id="c1452">
	<Coords points="1968,3567 1997,3567 1997,3604 1968,3604"/>
	<TextEquiv>
	<Unicode>e</Unicode></TextEquiv></Glyph>
	<Glyph id="c1453">
	<Coords points="2000,3567 2037,3567 2037,3604 2000,3604"/>
	<TextEquiv>
	<Unicode>n</Unicode></TextEquiv></Glyph>
	<Glyph id="c1454">
	<Coords points="2040,3566 2065,3566 2065,3604 2040,3604"/>
	<TextEquiv>
	<Unicode>s</Unicode></TextEquiv></Glyph>
	<TextEquiv>
	<Unicode>lichens</Unicode></TextEquiv></Word>
	<Word id="w1455">
	<Coords points="2127,3555 2150,3555 2150,3604 2127,3604 2127,3603 2094,3603 2094,3567 2127,3567"/>
	<Glyph id="c1456">
	<Coords points="2094,3567 2124,3567 2124,3603 2094,3603"/>
	<TextEquiv>
	<Unicode>e</Unicode></TextEquiv></Glyph>
	<Glyph id="c1457">
	<Coords points="2127,3555 2150,3555 2150,3604 2127,3604"/>
	<TextEquiv>
	<Unicode>t</Unicode></TextEquiv></Glyph>
	<TextEquiv>
	<Unicode>et</Unicode></TextEquiv></Word>
	<Word id="w1458">
	<Coords points="2176,3552 2194,3552 2194,3567 2255,3567 2255,3604 2176,3604"/>
	<Glyph id="c1459">
	<Coords points="2176,3552 2194,3552 2194,3604 2176,3604"/>
	<TextEquiv>
	<Unicode>l</Unicode></TextEquiv></Glyph>
	<Glyph id="c1460">
	<Coords points="2197,3567 2226,3567 2226,3604 2197,3604"/>
	<TextEquiv>
	<Unicode>e</Unicode></TextEquiv></Glyph>
	<Glyph id="c1461">
	<Coords points="2229,3567 2255,3567 2255,3604 2229,3604"/>
	<TextEquiv>
	<Unicode>s</Unicode></TextEquiv></Glyph>
	<TextEquiv>
	<Unicode>les</Unicode></TextEquiv></Word>
	<Word id="w1462">
	<Coords points="2418,3551 2434,3551 2434,3568 2496,3568 2496,3606 2354,3606 2354,3621 2319,3621 2319,3604 2285,3604 2285,3567 2418,3567"/>
	<Glyph id="c1463">
	<Coords points="2285,3567 2316,3567 2316,3604 2285,3604"/>
	<TextEquiv>
	<Unicode>a</Unicode></TextEquiv></Glyph>
	<Glyph id="c1464">
	<Coords points="2319,3568 2354,3568 2354,3621 2319,3621"/>
	<TextEquiv>
	<Unicode>g</Unicode></TextEquiv></Glyph>
	<Glyph id="c1465">
	<Coords points="2353,3567 2385,3567 2385,3606 2353,3606"/>
	<TextEquiv>
	<Unicode>a</Unicode></TextEquiv></Glyph>
	<Glyph id="c1466">
	<Coords points="2387,3569 2416,3569 2416,3605 2387,3605"/>
	<TextEquiv>
	<Unicode>r</Unicode></TextEquiv></Glyph>
	<Glyph id="c1467">
	<Coords points="2418,3551 2434,3551 2434,3605 2418,3605"/>
	<TextEquiv>
	<Unicode>i</Unicode></TextEquiv></Glyph>
	<Glyph id="c1468">
	<Coords points="2438,3568 2468,3568 2468,3605 2438,3605"/>
	<TextEquiv>
	<Unicode>c</Unicode></TextEquiv></Glyph>
	<Glyph id="c1469">
	<Coords points="2469,3568 2496,3568 2496,3606 2469,3606"/>
	<TextEquiv>
	<Unicode>s</Unicode></TextEquiv></Glyph>
	<TextEquiv>
	<Unicode>agarics</Unicode></TextEquiv></Word>
	<Word id="w1470">
	<Coords points="2524,3552 2560,3552 2560,3568 2595,3568 2595,3606 2564,3606 2564,3605 2524,3605"/>
	<Glyph id="c1471">
	<Coords points="2524,3552 2560,3552 2560,3605 2524,3605"/>
	<TextEquiv>
	<Unicode>d</Unicode></TextEquiv></Glyph>
	<Glyph id="c1472">
	<Coords points="2564,3568 2595,3568 2595,3606 2564,3606"/>
	<TextEquiv>
	<Unicode>e</Unicode></TextEquiv></Glyph>
	<TextEquiv>
	<Unicode>de</Unicode></TextEquiv></Word>
	<Word id="w1473">
	<Coords points="2622,3554 2638,3554 2638,3569 2673,3569 2673,3607 2641,3607 2641,3606 2622,3606"/>
	<Glyph id="c1474">
	<Coords points="2622,3554 2638,3554 2638,3606 2622,3606"/>
	<TextEquiv>
	<Unicode>l</Unicode></TextEquiv></Glyph>
	<Glyph id="c1475">
	<Coords points="2641,3569 2673,3569 2673,3607 2641,3607"/>
	<TextEquiv>
	<Unicode>a</Unicode></TextEquiv></Glyph>
	<TextEquiv>
	<Unicode>la</Unicode></TextEquiv></Word>
	<Word id="w1476">
	<Coords points="2721,3554 2857,3554 2857,3555 2908,3555 2908,3570 2944,3570 2944,3607 2908,3607 2908,3608 2840,3608 2840,3609 2808,3609 2808,3608 2740,3608 2740,3607 2699,3607 2699,3555 2721,3555"/>
	<Glyph id="c1477">
	<Coords points="2699,3555 2716,3555 2716,3607 2699,3607"/>
	<TextEquiv>
	<Unicode>l</Unicode></TextEquiv></Glyph>
	<Glyph id="c1478">
	<Coords points="2721,3554 2736,3554 2736,3607 2721,3607"/>
	<TextEquiv>
	<Unicode>i</Unicode></TextEquiv></Glyph>
	<Glyph id="c1479">
	<Coords points="2740,3554 2775,3554 2775,3608 2740,3608"/>
	<TextEquiv>
	<Unicode>b</Unicode></TextEquiv></Glyph>
	<Glyph id="c1480">
	<Coords points="2777,3571 2807,3571 2807,3608 2777,3608"/>
	<TextEquiv>
	<Unicode>r</Unicode></TextEquiv></Glyph>
	<Glyph id="c1481">
	<Coords points="2808,3571 2840,3571 2840,3609 2808,3609"/>
	<TextEquiv>
	<Unicode>a</Unicode></TextEquiv></Glyph>
	<Glyph id="c1482">
	<Coords points="2842,3554 2857,3554 2857,3607 2842,3607"/>
	<TextEquiv>
	<Unicode>i</Unicode></TextEquiv></Glyph>
	<Glyph id="c1483">
	<Coords points="2862,3571 2890,3571 2890,3607 2862,3607"/>
	<TextEquiv>
	<Unicode>r</Unicode></TextEquiv></Glyph>
	<Glyph id="c1484">
	<Coords points="2893,3555 2908,3555 2908,3608 2893,3608"/>
	<TextEquiv>
	<Unicode>i</Unicode></TextEquiv></Glyph>
	<Glyph id="c1485">
	<Coords points="2914,3570 2944,3570 2944,3607 2914,3607"/>
	<TextEquiv>
	<Unicode>e</Unicode></TextEquiv></Glyph>
	<TextEquiv>
	<Unicode>librairie</Unicode></TextEquiv></Word>
	<TextEquiv>
	<Unicode>gui , la mousse, les lichens et les agarics de la librairie</Unicode></TextEquiv></TextLine>
	<TextLine id="l1486">
	<Coords points="1643,3640 1681,3640 1681,3655 1822,3655 1822,3643 1862,3643 1862,3642 1877,3642 1877,3655 2190,3655 2190,3640 2220,3640 2220,3641 2285,3641 2285,3651 2442,3651 2442,3645 2462,3645 2462,3657 2658,3657 2658,3658 2892,3658 2892,3645 2908,3645 2908,3659 2942,3659 2942,3697 2778,3697 2778,3696 2658,3696 2658,3697 2573,3697 2573,3713 2558,3713 2558,3695 2364,3695 2364,3693 2220,3693 2220,3694 2156,3694 2156,3709 2120,3709 2120,3693 1778,3693 1778,3694 1501,3694 1501,3710 1485,3710 1485,3695 1310,3695 1310,3696 1275,3696 1275,3712 1239,3712 1239,3659 1278,3659 1278,3658 1341,3658 1341,3657 1404,3657 1404,3641 1419,3641 1419,3645 1643,3645"/>
	<Word id="w1487">
	<Coords points="1404,3641 1419,3641 1419,3645 1446,3645 1446,3657 1479,3657 1479,3681 1501,3681 1501,3710 1485,3710 1485,3695 1310,3695 1310,3696 1275,3696 1275,3712 1239,3712 1239,3659 1278,3659 1278,3658 1341,3658 1341,3657 1404,3657"/>
	<Glyph id="c1488">
	<Coords points="1239,3659 1275,3659 1275,3712 1239,3712"/>
	<TextEquiv>
	<Unicode>p</Unicode></TextEquiv></Glyph>
	<Glyph id="c1489">
	<Coords points="1278,3658 1310,3658 1310,3696 1278,3696"/>
	<TextEquiv>
	<Unicode>a</Unicode></TextEquiv></Glyph>
	<Glyph id="c1490">
	<Coords points="1312,3658 1340,3658 1340,3694 1312,3694"/>
	<TextEquiv>
	<Unicode>r</Unicode></TextEquiv></Glyph>
	<Glyph id="c1491">
	<Coords points="1341,3657 1373,3657 1373,3695 1341,3695"/>
	<TextEquiv>
	<Unicode>a</Unicode></TextEquiv></Glyph>
	<Glyph id="c1492">
	<Coords points="1375,3657 1400,3657 1400,3694 1375,3694"/>
	<TextEquiv>
	<Unicode>s</Unicode></TextEquiv></Glyph>
	<Glyph id="c1493">
	<Coords points="1404,3641 1419,3641 1419,3694 1404,3694"/>
	<TextEquiv>
	<Unicode>i</Unicode></TextEquiv></Glyph>
	<Glyph id="c1494">
	<Coords points="1424,3645 1446,3645 1446,3695 1424,3695"/>
	<TextEquiv>
	<Unicode>t</Unicode></TextEquiv></Glyph>
	<Glyph id="c1495">
	<Coords points="1449,3657 1479,3657 1479,3694 1449,3694"/>
	<TextEquiv>
	<Unicode>e</Unicode></TextEquiv></Glyph>
	<Glyph id="c1496">
	<Coords points="1485,3681 1501,3681 1501,3710 1485,3710"/>
	<TextEquiv>
	<Unicode>,</Unicode></TextEquiv></Glyph>
	<TextEquiv>
	<Unicode>parasite,</Unicode></TextEquiv></Word>
	<Word id="w1497">
	<Coords points="1643,3640 1681,3640 1681,3655 1822,3655 1822,3643 1845,3643 1845,3693 1778,3693 1778,3694 1527,3694 1527,3645 1643,3645"/>
	<Glyph id="c1498">
	<Coords points="1527,3645 1549,3645 1549,3694 1527,3694"/>
	<TextEquiv>
	<Unicode>t</Unicode></TextEquiv></Glyph>
	<Glyph id="c1499">
	<Coords points="1550,3656 1582,3656 1582,3694 1550,3694"/>
	<TextEquiv>
	<Unicode>o</Unicode></TextEquiv></Glyph>
	<Glyph id="c1500">
	<Coords points="1586,3656 1640,3656 1640,3694 1586,3694"/>
	<TextEquiv>
	<Unicode>m</Unicode></TextEquiv></Glyph>
	<Glyph id="c1501">
	<Coords points="1643,3640 1681,3640 1681,3694 1643,3694"/>
	<TextEquiv>
	<Unicode>b</Unicode></TextEquiv></Glyph>
	<Glyph id="c1502">
	<Coords points="1683,3656 1712,3656 1712,3694 1683,3694"/>
	<TextEquiv>
	<Unicode>e</Unicode></TextEquiv></Glyph>
	<Glyph id="c1503">
	<Coords points="1716,3657 1745,3657 1745,3692 1716,3692"/>
	<TextEquiv>
	<Unicode>r</Unicode></TextEquiv></Glyph>
	<Glyph id="c1504">
	<Coords points="1746,3655 1778,3655 1778,3694 1746,3694"/>
	<TextEquiv>
	<Unicode>o</Unicode></TextEquiv></Glyph>
	<Glyph id="c1505">
	<Coords points="1782,3657 1817,3657 1817,3693 1782,3693"/>
	<TextEquiv>
	<Unicode>n</Unicode></TextEquiv></Glyph>
	<Glyph id="c1506">
	<Coords points="1822,3643 1845,3643 1845,3693 1822,3693"/>
	<TextEquiv>
	<Unicode>t</Unicode></TextEquiv></Glyph>
	<TextEquiv>
	<Unicode>tomberont</Unicode></TextEquiv></Word>
	<Word id="w1507">
	<Coords points="1862,3642 1877,3642 1877,3655 1940,3655 1940,3692 1911,3692 1911,3693 1862,3693"/>
	<Glyph id="c1508">
	<Coords points="1862,3642 1877,3642 1877,3693 1862,3693"/>
	<TextEquiv>
	<Unicode>l</Unicode></TextEquiv></Glyph>
	<Glyph id="c1509">
	<Coords points="1882,3656 1911,3656 1911,3693 1882,3693"/>
	<TextEquiv>
	<Unicode>e</Unicode></TextEquiv></Glyph>
	<Glyph id="c1510">
	<Coords points="1914,3655 1940,3655 1940,3692 1914,3692"/>
	<TextEquiv>
	<Unicode>s</Unicode></TextEquiv></Glyph>
	<TextEquiv>
	<Unicode>les</Unicode></TextEquiv></Word>
	<Word id="w1511">
	<Coords points="2041,3655 2067,3655 2067,3692 2037,3692 2037,3693 1959,3693 1959,3656 2041,3656"/>
	<Glyph id="c1512">
	<Coords points="1959,3656 1997,3656 1997,3693 1959,3693"/>
	<TextEquiv>
	<Unicode>u</Unicode></TextEquiv></Glyph>
	<Glyph id="c1513">
	<Coords points="2002,3657 2037,3657 2037,3693 2002,3693"/>
	<TextEquiv>
	<Unicode>n</Unicode></TextEquiv></Glyph>
	<Glyph id="c1514">
	<Coords points="2041,3655 2067,3655 2067,3692 2041,3692"/>
	<TextEquiv>
	<Unicode>s</Unicode></TextEquiv></Glyph>
	<TextEquiv>
	<Unicode>uns</Unicode></TextEquiv></Word>
	<Word id="w1515">
	<Coords points="2190,3640 2220,3640 2220,3656 2249,3656 2249,3693 2220,3693 2220,3694 2156,3694 2156,3709 2120,3709 2120,3693 2087,3693 2087,3655 2190,3655"/>
	<Glyph id="c1516">
	<Coords points="2087,3655 2118,3655 2118,3693 2087,3693"/>
	<TextEquiv>
	<Unicode>a</Unicode></TextEquiv></Glyph>
	<Glyph id="c1517">
	<Coords points="2120,3656 2156,3656 2156,3709 2120,3709"/>
	<TextEquiv>
	<Unicode>p</Unicode></TextEquiv></Glyph>
	<Glyph id="c1518">
	<Coords points="2160,3655 2187,3655 2187,3692 2160,3692"/>
	<TextEquiv>
	<Unicode>r</Unicode></TextEquiv></Glyph>
	<Glyph id="c1519">
	<Coords points="2190,3640 2220,3640 2220,3694 2190,3694"/>
	<TextEquiv>
	<Unicode>é</Unicode></TextEquiv></Glyph>
	<Glyph id="c1520">
	<Coords points="2222,3656 2249,3656 2249,3693 2222,3693"/>
	<TextEquiv>
	<Unicode>s</Unicode></TextEquiv></Glyph>
	<TextEquiv>
	<Unicode>aprés</Unicode></TextEquiv></Word>
	<Word id="w1521">
	<Coords points="2268,3641 2285,3641 2285,3655 2347,3655 2347,3693 2268,3693"/>
	<Glyph id="c1522">
	<Coords points="2268,3641 2285,3641 2285,3693 2268,3693"/>
	<TextEquiv>
	<Unicode>l</Unicode></TextEquiv></Glyph>
	<Glyph id="c1523">
	<Coords points="2289,3657 2319,3657 2319,3693 2289,3693"/>
	<TextEquiv>
	<Unicode>e</Unicode></TextEquiv></Glyph>
	<Glyph id="c1524">
	<Coords points="2321,3655 2347,3655 2347,3693 2321,3693"/>
	<TextEquiv>
	<Unicode>s</Unicode></TextEquiv></Glyph>
	<TextEquiv>
	<Unicode>les</Unicode></TextEquiv></Word>
	<Word id="w1525">
	<Coords points="2442,3645 2462,3645 2462,3657 2553,3657 2553,3682 2573,3682 2573,3713 2558,3713 2558,3695 2364,3695 2364,3651 2442,3651"/>
	<Glyph id="c1526">
	<Coords points="2364,3651 2396,3651 2396,3695 2364,3695"/>
	<TextEquiv>
	<Unicode>a</Unicode></TextEquiv></Glyph>
	<Glyph id="c1527">
	<Coords points="2392,3651 2435,3651 2435,3695 2392,3695"/>
	<TextEquiv>
	<Unicode>u</Unicode></TextEquiv></Glyph>
	<Glyph id="c1528">
	<Coords points="2442,3645 2462,3645 2462,3694 2442,3694"/>
	<TextEquiv>
	<Unicode>t</Unicode></TextEquiv></Glyph>
	<Glyph id="c1529">
	<Coords points="2465,3657 2493,3657 2493,3694 2465,3694"/>
	<TextEquiv>
	<Unicode>r</Unicode></TextEquiv></Glyph>
	<Glyph id="c1530">
	<Coords points="2495,3657 2525,3657 2525,3694 2495,3694"/>
	<TextEquiv>
	<Unicode>e</Unicode></TextEquiv></Glyph>
	<Glyph id="c1531">
	<Coords points="2527,3657 2553,3657 2553,3695 2527,3695"/>
	<TextEquiv>
	<Unicode>s</Unicode></TextEquiv></Glyph>
	<Glyph id="c1532">
	<Coords points="2558,3682 2573,3682 2573,3713 2558,3713"/>
	<TextEquiv>
	<Unicode>,</Unicode></TextEquiv></Glyph>
	<TextEquiv>
	<Unicode>autres,</Unicode></TextEquiv></Word>
	<Word id="w1533">
	<Coords points="2596,3657 2658,3657 2658,3658 2807,3658 2807,3697 2778,3697 2778,3696 2658,3696 2658,3697 2596,3697"/>
	<Glyph id="c1534">
	<Coords points="2596,3657 2629,3657 2629,3697 2596,3697"/>
	<TextEquiv>
	<Unicode>c</Unicode></TextEquiv></Glyph>
	<Glyph id="c1535">
	<Coords points="2625,3657 2658,3657 2658,3697 2625,3697"/>
	<TextEquiv>
	<Unicode>o</Unicode></TextEquiv></Glyph>
	<Glyph id="c1536">
	<Coords points="2662,3658 2717,3658 2717,3696 2662,3696"/>
	<TextEquiv>
	<Unicode>m</Unicode></TextEquiv></Glyph>
	<Glyph id="c1537">
	<Coords points="2719,3658 2774,3658 2774,3696 2719,3696"/>
	<TextEquiv>
	<Unicode>m</Unicode></TextEquiv></Glyph>
	<Glyph id="c1538">
	<Coords points="2778,3658 2807,3658 2807,3697 2778,3697"/>
	<TextEquiv>
	<Unicode>e</Unicode></TextEquiv></Glyph>
	<TextEquiv>
	<Unicode>comme</Unicode></TextEquiv></Word>
	<Word id="w1539">
	<Coords points="2892,3645 2908,3645 2908,3659 2942,3659 2942,3697 2828,3697 2828,3658 2892,3658"/>
	<Glyph id="c1540">
	<Coords points="2828,3658 2857,3658 2857,3697 2828,3697"/>
	<TextEquiv>
	<Unicode>c</Unicode></TextEquiv></Glyph>
	<Glyph id="c1541">
	<Coords points="2860,3659 2889,3659 2889,3697 2860,3697"/>
	<TextEquiv>
	<Unicode>e</Unicode></TextEquiv></Glyph>
	<Glyph id="c1542">
	<Coords points="2892,3645 2908,3645 2908,3697 2892,3697"/>
	<TextEquiv>
	<Unicode>l</Unicode></TextEquiv></Glyph>
	<Glyph id="c1543">
	<Coords points="2910,3659 2942,3659 2942,3697 2910,3697"/>
	<TextEquiv>
	<Unicode>a</Unicode></TextEquiv></Glyph>
	<TextEquiv>
	<Unicode>cela</Unicode></TextEquiv></Word>
	<TextEquiv>
	<Unicode>parasite, tomberont les uns aprés les autres, comme cela</Unicode></TextEquiv></TextLine>
	<TextLine id="l1544">
	<Coords points="1459,3729 1496,3729 1496,3746 1611,3746 1611,3729 1627,3729 1627,3730 1804,3730 1804,3729 1820,3729 1820,3745 1930,3745 1930,3744 2094,3744 2094,3729 2123,3729 2123,3745 2185,3745 2185,3769 2205,3769 2205,3783 1712,3783 1712,3799 1676,3799 1676,3784 1566,3784 1566,3799 1530,3799 1530,3784 1395,3784 1395,3785 1269,3785 1269,3784 1241,3784 1241,3747 1363,3747 1363,3746 1398,3746 1398,3730 1459,3730"/>
	<Word id="w1545">
	<Coords points="1241,3747 1299,3747 1299,3785 1269,3785 1269,3784 1241,3784"/>
	<Glyph id="c1546">
	<Coords points="1241,3747 1266,3747 1266,3784 1241,3784"/>
	<TextEquiv>
	<Unicode>s</Unicode></TextEquiv></Glyph>
	<Glyph id="c1547">
	<Coords points="1269,3747 1299,3747 1299,3785 1269,3785"/>
	<TextEquiv>
	<Unicode>e</Unicode></TextEquiv></Glyph>
	<TextEquiv>
	<Unicode>se</Unicode></TextEquiv></Word>
	<Word id="w1548">
	<Coords points="1398,3730 1414,3730 1414,3732 1441,3732 1441,3784 1395,3784 1395,3785 1363,3785 1363,3782 1325,3782 1325,3747 1363,3747 1363,3746 1398,3746"/>
	<Glyph id="c1549">
	<Coords points="1325,3747 1360,3747 1360,3782 1325,3782"/>
	<TextEquiv>
	<Unicode>v</Unicode></TextEquiv></Glyph>
	<Glyph id="c1550">
	<Coords points="1363,3746 1395,3746 1395,3785 1363,3785"/>
	<TextEquiv>
	<Unicode>o</Unicode></TextEquiv></Glyph>
	<Glyph id="c1551">
	<Coords points="1398,3730 1414,3730 1414,3783 1398,3783"/>
	<TextEquiv>
	<Unicode>i</Unicode></TextEquiv></Glyph>
	<Glyph id="c1552">
	<Coords points="1419,3732 1441,3732 1441,3784 1419,3784"/>
	<TextEquiv>
	<Unicode>t</Unicode></TextEquiv></Glyph>
	<TextEquiv>
	<Unicode>voit</Unicode></TextEquiv></Word>
	<Word id="w1553">
	<Coords points="1459,3729 1496,3729 1496,3746 1611,3746 1611,3729 1627,3729 1627,3745 1657,3745 1657,3784 1566,3784 1566,3799 1530,3799 1530,3784 1499,3784 1499,3783 1459,3783"/>
	<Glyph id="c1554">
	<Coords points="1459,3729 1496,3729 1496,3783 1459,3783"/>
	<TextEquiv>
	<Unicode>d</Unicode></TextEquiv></Glyph>
	<Glyph id="c1555">
	<Coords points="1499,3746 1529,3746 1529,3784 1499,3784"/>
	<TextEquiv>
	<Unicode>e</Unicode></TextEquiv></Glyph>
	<Glyph id="c1556">
	<Coords points="1530,3747 1566,3747 1566,3799 1530,3799"/>
	<TextEquiv>
	<Unicode>p</Unicode></TextEquiv></Glyph>
	<Glyph id="c1557">
	<Coords points="1570,3746 1605,3746 1605,3784 1570,3784"/>
	<TextEquiv>
	<Unicode>u</Unicode></TextEquiv></Glyph>
	<Glyph id="c1558">
	<Coords points="1611,3729 1627,3729 1627,3783 1611,3783"/>
	<TextEquiv>
	<Unicode>i</Unicode></TextEquiv></Glyph>
	<Glyph id="c1559">
	<Coords points="1631,3745 1657,3745 1657,3784 1631,3784"/>
	<TextEquiv>
	<Unicode>s</Unicode></TextEquiv></Glyph>
	<TextEquiv>
	<Unicode>depuis</Unicode></TextEquiv></Word>
	<Word id="w1560">
	<Coords points="1804,3729 1820,3729 1820,3745 1930,3745 1930,3744 1956,3744 1956,3782 1896,3782 1896,3783 1712,3783 1712,3799 1676,3799 1676,3747 1715,3747 1715,3730 1804,3730"/>
	<Glyph id="c1561">
	<Coords points="1676,3747 1712,3747 1712,3799 1676,3799"/>
	<TextEquiv>
	<Unicode>p</Unicode></TextEquiv></Glyph>
	<Glyph id="c1562">
	<Coords points="1715,3730 1732,3730 1732,3783 1715,3783"/>
	<TextEquiv>
	<Unicode>l</Unicode></TextEquiv></Glyph>
	<Glyph id="c1563">
	<Coords points="1736,3746 1771,3746 1771,3783 1736,3783"/>
	<TextEquiv>
	<Unicode>u</Unicode></TextEquiv></Glyph>
	<Glyph id="c1564">
	<Coords points="1775,3745 1801,3745 1801,3782 1775,3782"/>
	<TextEquiv>
	<Unicode>s</Unicode></TextEquiv></Glyph>
	<Glyph id="c1565">
	<Coords points="1804,3729 1820,3729 1820,3782 1804,3782"/>
	<TextEquiv>
	<Unicode>i</Unicode></TextEquiv></Glyph>
	<Glyph id="c1566">
	<Coords points="1824,3745 1854,3745 1854,3782 1824,3782"/>
	<TextEquiv>
	<Unicode>e</Unicode></TextEquiv></Glyph>
	<Glyph id="c1567">
	<Coords points="1859,3746 1896,3746 1896,3783 1859,3783"/>
	<TextEquiv>
	<Unicode>u</Unicode></TextEquiv></Glyph>
	<Glyph id="c1568">
	<Coords points="1901,3745 1929,3745 1929,3781 1901,3781"/>
	<TextEquiv>
	<Unicode>r</Unicode></TextEquiv></Glyph>
	<Glyph id="c1569">
	<Coords points="1930,3744 1956,3744 1956,3782 1930,3782"/>
	<TextEquiv>
	<Unicode>s</Unicode></TextEquiv></Glyph>
	<TextEquiv>
	<Unicode>plusieurs</Unicode></TextEquiv></Word>
	<Word id="w1570">
	<Coords points="2094,3729 2123,3729 2123,3745 2185,3745 2185,3769 2205,3769 2205,3783 1978,3783 1978,3744 2094,3744"/>
	<Glyph id="c1571">
	<Coords points="1978,3744 2010,3744 2010,3783 1978,3783"/>
	<TextEquiv>
	<Unicode>a</Unicode></TextEquiv></Glyph>
	<Glyph id="c1572">
	<Coords points="2014,3745 2049,3745 2049,3783 2014,3783"/>
	<TextEquiv>
	<Unicode>n</Unicode></TextEquiv></Glyph>
	<Glyph id="c1573">
	<Coords points="2052,3745 2089,3745 2089,3783 2052,3783"/>
	<TextEquiv>
	<Unicode>n</Unicode></TextEquiv></Glyph>
	<Glyph id="c1574">
	<Coords points="2094,3729 2123,3729 2123,3783 2094,3783"/>
	<TextEquiv>
	<Unicode>é</Unicode></TextEquiv></Glyph>
	<Glyph id="c1575">
	<Coords points="2126,3745 2156,3745 2156,3783 2126,3783"/>
	<TextEquiv>
	<Unicode>e</Unicode></TextEquiv></Glyph>
	<Glyph id="c1576">
	<Coords points="2159,3745 2185,3745 2185,3782 2159,3782"/>
	<TextEquiv>
	<Unicode>s</Unicode></TextEquiv></Glyph>
	<Glyph id="c1577">
	<Coords points="2192,3769 2205,3769 2205,3783 2192,3783"/>
	<TextEquiv>
	<Unicode>.</Unicode></TextEquiv></Glyph>
	<TextEquiv>
	<Unicode>années.</Unicode></TextEquiv></Word>
	<TextEquiv>
	<Unicode>se voit depuis plusieurs années.</Unicode></TextEquiv></TextLine>
	<TextEquiv>
	<Unicode>Si le gouvernement ne vient pas au secours des édi-
teurs, non pas avec de l’argent prété sur gage ,' comme
il l’a déja fait en veritable pawnbroker, mais en acceptant
'10 on 45 p. c. du prix de tous les livres qu’il transpor-
tera par les postes, la librairie ne se relévera jamais en
France; tous les troncs producteurs desséchés par le
gui , la mousse, les lichens et les agarics de la librairie
parasite, tomberont les uns aprés les autres, comme cela
se voit depuis plusieurs années.</Unicode></TextEquiv></TextRegion>
	<TextRegion id="r1578" type="paragraph">
	<Coords points="2192,3817 2207,3817 2207,3834 2274,3834 2274,3835 2302,3835 2302,3836 2410,3836 2410,3819 2426,3819 2426,3820 2625,3820 2625,3821 2661,3821 2661,3837 2795,3837 2795,3825 2816,3825 2816,3838 2942,3838 2942,3875 2909,3875 2909,3876 2873,3876 2873,3875 2751,3875 2751,3876 2710,3876 2710,3964 2690,3964 2690,3965 2662,3965 2662,3966 2540,3966 2540,3968 2504,3968 2504,3964 2349,3964 2349,3963 2314,3963 2314,3962 2157,3962 2157,3961 2039,3961 2039,3962 1852,3962 1852,3963 1793,3963 1793,3964 1719,3964 1719,3963 1477,3963 1477,3964 1441,3964 1441,3963 1243,3963 1243,3911 1314,3911 1314,3820 1423,3820 1423,3819 1440,3819 1440,3835 1655,3835 1655,3818 1770,3818 1770,3833 2009,3833 2009,3834 2154,3834 2154,3833 2192,3833"/>
	<TextLine id="l1579">
	<Coords points="2192,3817 2207,3817 2207,3834 2274,3834 2274,3835 2302,3835 2302,3836 2410,3836 2410,3819 2426,3819 2426,3820 2625,3820 2625,3821 2661,3821 2661,3837 2795,3837 2795,3825 2816,3825 2816,3838 2942,3838 2942,3875 2909,3875 2909,3876 2873,3876 2873,3875 2751,3875 2751,3876 2722,3876 2722,3874 2499,3874 2499,3873 2363,3873 2363,3889 2328,3889 2328,3873 2275,3873 2275,3872 2118,3872 2118,3871 2009,3871 2009,3873 1972,3873 1972,3871 1835,3871 1835,3886 1805,3886 1805,3872 1557,3872 1557,3873 1495,3873 1495,3874 1314,3874 1314,3820 1423,3820 1423,3819 1440,3819 1440,3835 1655,3835 1655,3818 1770,3818 1770,3833 2009,3833 2009,3834 2154,3834 2154,3833 2192,3833"/>
	<Word id="w1580">
	<Coords points="1423,3819 1440,3819 1440,3874 1314,3874 1314,3820 1423,3820"/>
	<Glyph id="c1581">
	<Coords points="1314,3820 1355,3820 1355,3874 1314,3874"/>
	<TextEquiv>
	<Unicode>C</Unicode></TextEquiv></Glyph>
	<Glyph id="c1582">
	<Coords points="1359,3837 1388,3837 1388,3873 1359,3873"/>
	<TextEquiv>
	<Unicode>e</Unicode></TextEquiv></Glyph>
	<Glyph id="c1583">
	<Coords points="1390,3835 1421,3835 1421,3873 1390,3873"/>
	<TextEquiv>
	<Unicode>c</Unicode></TextEquiv></Glyph>
	<Glyph id="c1584">
	<Coords points="1423,3819 1440,3819 1440,3874 1423,3874"/>
	<TextEquiv>
	<Unicode>i</Unicode></TextEquiv></Glyph>
	<TextEquiv>
	<Unicode>Ceci</Unicode></TextEquiv></Word>
	<Word id="w1585">
	<Coords points="1468,3835 1627,3835 1627,3872 1557,3872 1557,3873 1495,3873 1495,3874 1468,3874"/>
	<Glyph id="c1586">
	<Coords points="1468,3835 1495,3835 1495,3874 1468,3874"/>
	<TextEquiv>
	<Unicode>s</Unicode></TextEquiv></Glyph>
	<Glyph id="c1587">
	<Coords points="1496,3835 1525,3835 1525,3873 1496,3873"/>
	<TextEquiv>
	<Unicode>e</Unicode></TextEquiv></Glyph>
	<Glyph id="c1588">
	<Coords points="1527,3836 1557,3836 1557,3873 1527,3873"/>
	<TextEquiv>
	<Unicode>r</Unicode></TextEquiv></Glyph>
	<Glyph id="c1589">
	<Coords points="1559,3835 1595,3835 1595,3872 1559,3872"/>
	<TextEquiv>
	<Unicode>v</Unicode></TextEquiv></Glyph>
	<Glyph id="c1590">
	<Coords points="1598,3835 1627,3835 1627,3872 1598,3872"/>
	<TextEquiv>
	<Unicode>e</Unicode></TextEquiv></Glyph>
	<TextEquiv>
	<Unicode>serve</Unicode></TextEquiv></Word>
	<Word id="w1591">
	<Coords points="1655,3818 1692,3818 1692,3835 1726,3835 1726,3872 1655,3872"/>
	<Glyph id="c1592">
	<Coords points="1655,3818 1692,3818 1692,3872 1655,3872"/>
	<TextEquiv>
	<Unicode>d</Unicode></TextEquiv></Glyph>
	<Glyph id="c1593">
	<Coords points="1695,3835 1726,3835 1726,3872 1695,3872"/>
	<TextEquiv>
	<Unicode>e</Unicode></TextEquiv></Glyph>
	<TextEquiv>
	<Unicode>de</Unicode></TextEquiv></Word>
	<Word id="w1594">
	<Coords points="1753,3818 1770,3818 1770,3833 1869,3833 1869,3834 1909,3834 1909,3870 1869,3870 1869,3871 1835,3871 1835,3886 1805,3886 1805,3871 1753,3871"/>
	<Glyph id="c1595">
	<Coords points="1753,3818 1770,3818 1770,3871 1753,3871"/>
	<TextEquiv>
	<Unicode>l</Unicode></TextEquiv></Glyph>
	<Glyph id="c1596">
	<Coords points="1774,3835 1804,3835 1804,3871 1774,3871"/>
	<TextEquiv>
	<Unicode>e</Unicode></TextEquiv></Glyph>
	<Glyph id="c1597">
	<Coords points="1805,3834 1835,3834 1835,3886 1805,3886"/>
	<TextEquiv>
	<Unicode>c</Unicode></TextEquiv></Glyph>
	<Glyph id="c1598">
	<Coords points="1837,3833 1869,3833 1869,3871 1837,3871"/>
	<TextEquiv>
	<Unicode>o</Unicode></TextEquiv></Glyph>
	<Glyph id="c1599">
	<Coords points="1873,3834 1909,3834 1909,3870 1873,3870"/>
	<TextEquiv>
	<Unicode>n</Unicode></TextEquiv></Glyph>
	<TextEquiv>
	<Unicode>lecon</Unicode></TextEquiv></Word>
	<Word id="w1600">
	<Coords points="1938,3833 2009,3833 2009,3835 2050,3835 2050,3871 2009,3871 2009,3873 1972,3873 1972,3871 1938,3871"/>
	<Glyph id="c1601">
	<Coords points="1938,3833 1969,3833 1969,3871 1938,3871"/>
	<TextEquiv>
	<Unicode>a</Unicode></TextEquiv></Glyph>
	<Glyph id="c1602">
	<Coords points="1972,3833 2009,3833 2009,3873 1972,3873"/>
	<TextEquiv>
	<Unicode>u</Unicode></TextEquiv></Glyph>
	<Glyph id="c1603">
	<Coords points="2013,3835 2050,3835 2050,3871 2013,3871"/>
	<TextEquiv>
	<Unicode>x</Unicode></TextEquiv></Glyph>
	<TextEquiv>
	<Unicode>aux</Unicode></TextEquiv></Word>
	<Word id="w1604">
	<Coords points="2192,3817 2207,3817 2207,3834 2274,3834 2274,3835 2302,3835 2302,3873 2275,3873 2275,3872 2118,3872 2118,3871 2080,3871 2080,3834 2154,3834 2154,3833 2192,3833"/>
	<Glyph id="c1605">
	<Coords points="2080,3834 2114,3834 2114,3871 2080,3871"/>
	<TextEquiv>
	<Unicode>n</Unicode></TextEquiv></Glyph>
	<Glyph id="c1606">
	<Coords points="2118,3834 2150,3834 2150,3872 2118,3872"/>
	<TextEquiv>
	<Unicode>o</Unicode></TextEquiv></Glyph>
	<Glyph id="c1607">
	<Coords points="2154,3833 2188,3833 2188,3870 2154,3870"/>
	<TextEquiv>
	<Unicode>v</Unicode></TextEquiv></Glyph>
	<Glyph id="c1608">
	<Coords points="2192,3817 2207,3817 2207,3872 2192,3872"/>
	<TextEquiv>
	<Unicode>i</Unicode></TextEquiv></Glyph>
	<Glyph id="c1609">
	<Coords points="2212,3834 2241,3834 2241,3872 2212,3872"/>
	<TextEquiv>
	<Unicode>c</Unicode></TextEquiv></Glyph>
	<Glyph id="c1610">
	<Coords points="2244,3834 2274,3834 2274,3872 2244,3872"/>
	<TextEquiv>
	<Unicode>e</Unicode></TextEquiv></Glyph>
	<Glyph id="c1611">
	<Coords points="2275,3835 2302,3835 2302,3873 2275,3873"/>
	<TextEquiv>
	<Unicode>s</Unicode></TextEquiv></Glyph>
	<TextEquiv>
	<Unicode>novices</Unicode></TextEquiv></Word>
	<Word id="w1612">
	<Coords points="2410,3819 2426,3819 2426,3873 2363,3873 2363,3889 2328,3889 2328,3836 2410,3836"/>
	<Glyph id="c1613">
	<Coords points="2328,3836 2363,3836 2363,3889 2328,3889"/>
	<TextEquiv>
	<Unicode>q</Unicode></TextEquiv></Glyph>
	<Glyph id="c1614">
	<Coords points="2368,3836 2405,3836 2405,3873 2368,3873"/>
	<TextEquiv>
	<Unicode>u</Unicode></TextEquiv></Glyph>
	<Glyph id="c1615">
	<Coords points="2410,3819 2426,3819 2426,3873 2410,3873"/>
	<TextEquiv>
	<Unicode>i</Unicode></TextEquiv></Glyph>
	<TextEquiv>
	<Unicode>qui</Unicode></TextEquiv></Word>
	<Word id="w1616">
	<Coords points="2499,3820 2625,3820 2625,3821 2661,3821 2661,3837 2795,3837 2795,3825 2816,3825 2816,3875 2751,3875 2751,3876 2722,3876 2722,3874 2499,3874 2499,3873 2456,3873 2456,3836 2484,3836 2484,3822 2499,3822"/>
	<Glyph id="c1617">
	<Coords points="2456,3836 2482,3836 2482,3873 2456,3873"/>
	<TextEquiv>
	<Unicode>s</Unicode></TextEquiv></Glyph>
	<Glyph id="c1618">
	<Coords points="2484,3822 2495,3822 2495,3840 2484,3840"/>
	<TextEquiv>
	<Unicode>’</Unicode></TextEquiv></Glyph>
	<Glyph id="c1619">
	<Coords points="2499,3820 2529,3820 2529,3874 2499,3874"/>
	<TextEquiv>
	<Unicode>é</Unicode></TextEquiv></Glyph>
	<Glyph id="c1620">
	<Coords points="2532,3823 2555,3823 2555,3874 2532,3874"/>
	<TextEquiv>
	<Unicode>t</Unicode></TextEquiv></Glyph>
	<Glyph id="c1621">
	<Coords points="2553,3836 2585,3836 2585,3874 2553,3874"/>
	<TextEquiv>
	<Unicode>a</Unicode></TextEquiv></Glyph>
	<Glyph id="c1622">
	<Coords points="2587,3820 2625,3820 2625,3874 2587,3874"/>
	<TextEquiv>
	<Unicode>b</Unicode></TextEquiv></Glyph>
	<Glyph id="c1623">
	<Coords points="2627,3822 2642,3822 2642,3874 2627,3874"/>
	<TextEquiv>
	<Unicode>l</Unicode></TextEquiv></Glyph>
	<Glyph id="c1624">
	<Coords points="2646,3821 2661,3821 2661,3874 2646,3874"/>
	<TextEquiv>
	<Unicode>i</Unicode></TextEquiv></Glyph>
	<Glyph id="c1625">
	<Coords points="2666,3837 2692,3837 2692,3874 2666,3874"/>
	<TextEquiv>
	<Unicode>s</Unicode></TextEquiv></Glyph>
	<Glyph id="c1626">
	<Coords points="2693,3837 2719,3837 2719,3874 2693,3874"/>
	<TextEquiv>
	<Unicode>s</Unicode></TextEquiv></Glyph>
	<Glyph id="c1627">
	<Coords points="2722,3837 2751,3837 2751,3876 2722,3876"/>
	<TextEquiv>
	<Unicode>e</Unicode></TextEquiv></Glyph>
	<Glyph id="c1628">
	<Coords points="2754,3837 2791,3837 2791,3875 2754,3875"/>
	<TextEquiv>
	<Unicode>n</Unicode></TextEquiv></Glyph>
	<Glyph id="c1629">
	<Coords points="2795,3825 2816,3825 2816,3875 2795,3875"/>
	<TextEquiv>
	<Unicode>t</Unicode></TextEquiv></Glyph>
	<TextEquiv>
	<Unicode>s’établissent</Unicode></TextEquiv></Word>
	<Word id="w1630">
	<Coords points="2843,3838 2942,3838 2942,3875 2909,3875 2909,3876 2873,3876 2873,3875 2843,3875"/>
	<Glyph id="c1631">
	<Coords points="2843,3838 2869,3838 2869,3875 2843,3875"/>
	<TextEquiv>
	<Unicode>s</Unicode></TextEquiv></Glyph>
	<Glyph id="c1632">
	<Coords points="2873,3838 2909,3838 2909,3876 2873,3876"/>
	<TextEquiv>
	<Unicode>u</Unicode></TextEquiv></Glyph>
	<Glyph id="c1633">
	<Coords points="2914,3838 2942,3838 2942,3875 2914,3875"/>
	<TextEquiv>
	<Unicode>r</Unicode></TextEquiv></Glyph>
	<TextEquiv>
	<Unicode>sur</Unicode></TextEquiv></Word>
	<TextEquiv>
	<Unicode>Ceci serve de lecon aux novices qui s’établissent sur</Unicode></TextEquiv></TextLine>
	<TextLine id="l1634">
	<Coords points="2105,3907 2120,3907 2120,3923 2260,3923 2260,3913 2281,3913 2281,3925 2504,3925 2504,3909 2540,3909 2540,3914 2599,3914 2599,3915 2622,3915 2622,3927 2690,3927 2690,3951 2710,3951 2710,3964 2690,3964 2690,3965 2662,3965 2662,3966 2540,3966 2540,3968 2504,3968 2504,3964 2349,3964 2349,3963 2314,3963 2314,3962 2157,3962 2157,3961 2039,3961 2039,3962 1852,3962 1852,3963 1793,3963 1793,3964 1719,3964 1719,3963 1477,3963 1477,3964 1441,3964 1441,3963 1243,3963 1243,3911 1260,3911 1260,3925 1420,3925 1420,3909 1435,3909 1435,3925 1795,3925 1795,3909 1811,3909 1811,3922 1940,3922 1940,3908 1977,3908 1977,3923 2105,3923"/>
	<Word id="w1635">
	<Coords points="1243,3911 1260,3911 1260,3925 1321,3925 1321,3962 1292,3962 1292,3963 1243,3963"/>
	<Glyph id="c1636">
	<Coords points="1243,3911 1260,3911 1260,3963 1243,3963"/>
	<TextEquiv>
	<Unicode>l</Unicode></TextEquiv></Glyph>
	<Glyph id="c1637">
	<Coords points="1262,3926 1292,3926 1292,3963 1262,3963"/>
	<TextEquiv>
	<Unicode>e</Unicode></TextEquiv></Glyph>
	<Glyph id="c1638">
	<Coords points="1294,3925 1321,3925 1321,3962 1294,3962"/>
	<TextEquiv>
	<Unicode>s</Unicode></TextEquiv></Glyph>
	<TextEquiv>
	<Unicode>les</Unicode></TextEquiv></Word>
	<Word id="w1639">
	<Coords points="1420,3909 1435,3909 1435,3925 1538,3925 1538,3963 1477,3963 1477,3964 1441,3964 1441,3963 1347,3963 1347,3926 1420,3926"/>
	<Glyph id="c1640">
	<Coords points="1347,3926 1375,3926 1375,3963 1347,3963"/>
	<TextEquiv>
	<Unicode>r</Unicode></TextEquiv></Glyph>
	<Glyph id="c1641">
	<Coords points="1380,3926 1416,3926 1416,3963 1380,3963"/>
	<TextEquiv>
	<Unicode>u</Unicode></TextEquiv></Glyph>
	<Glyph id="c1642">
	<Coords points="1420,3909 1435,3909 1435,3963 1420,3963"/>
	<TextEquiv>
	<Unicode>i</Unicode></TextEquiv></Glyph>
	<Glyph id="c1643">
	<Coords points="1441,3927 1477,3927 1477,3964 1441,3964"/>
	<TextEquiv>
	<Unicode>n</Unicode></TextEquiv></Glyph>
	<Glyph id="c1644">
	<Coords points="1480,3925 1510,3925 1510,3963 1480,3963"/>
	<TextEquiv>
	<Unicode>e</Unicode></TextEquiv></Glyph>
	<Glyph id="c1645">
	<Coords points="1513,3925 1538,3925 1538,3963 1513,3963"/>
	<TextEquiv>
	<Unicode>s</Unicode></TextEquiv></Glyph>
	<TextEquiv>
	<Unicode>ruines</Unicode></TextEquiv></Word>
	<Word id="w1646">
	<Coords points="1795,3909 1811,3909 1811,3922 1852,3922 1852,3923 1914,3923 1914,3962 1852,3962 1852,3963 1793,3963 1793,3964 1719,3964 1719,3963 1557,3963 1557,3925 1795,3925"/>
	<Glyph id="c1647">
	<Coords points="1557,3925 1595,3925 1595,3963 1557,3963"/>
	<TextEquiv>
	<Unicode>v</Unicode></TextEquiv></Glyph>
	<Glyph id="c1648">
	<Coords points="1597,3925 1627,3925 1627,3963 1597,3963"/>
	<TextEquiv>
	<Unicode>e</Unicode></TextEquiv></Glyph>
	<Glyph id="c1649">
	<Coords points="1631,3925 1659,3925 1659,3962 1631,3962"/>
	<TextEquiv>
	<Unicode>r</Unicode></TextEquiv></Glyph>
	<Glyph id="c1650">
	<Coords points="1662,3925 1717,3925 1717,3963 1662,3963"/>
	<TextEquiv>
	<Unicode>m</Unicode></TextEquiv></Glyph>
	<Glyph id="c1651">
	<Coords points="1719,3925 1750,3925 1750,3964 1719,3964"/>
	<TextEquiv>
	<Unicode>o</Unicode></TextEquiv></Glyph>
	<Glyph id="c1652">
	<Coords points="1755,3925 1793,3925 1793,3964 1755,3964"/>
	<TextEquiv>
	<Unicode>u</Unicode></TextEquiv></Glyph>
	<Glyph id="c1653">
	<Coords points="1795,3909 1811,3909 1811,3962 1795,3962"/>
	<TextEquiv>
	<Unicode>l</Unicode></TextEquiv></Glyph>
	<Glyph id="c1654">
	<Coords points="1816,3922 1852,3922 1852,3963 1816,3963"/>
	<TextEquiv>
	<Unicode>u</Unicode></TextEquiv></Glyph>
	<Glyph id="c1655">
	<Coords points="1857,3924 1885,3924 1885,3962 1857,3962"/>
	<TextEquiv>
	<Unicode>c</Unicode></TextEquiv></Glyph>
	<Glyph id="c1656">
	<Coords points="1889,3923 1914,3923 1914,3962 1889,3962"/>
	<TextEquiv>
	<Unicode>s</Unicode></TextEquiv></Glyph>
	<TextEquiv>
	<Unicode>vermoulucs</Unicode></TextEquiv></Word>
	<Word id="w1657">
	<Coords points="1940,3908 1977,3908 1977,3923 2039,3923 2039,3962 1980,3962 1980,3961 1940,3961"/>
	<Glyph id="c1658">
	<Coords points="1940,3908 1977,3908 1977,3961 1940,3961"/>
	<TextEquiv>
	<Unicode>d</Unicode></TextEquiv></Glyph>
	<Glyph id="c1659">
	<Coords points="1980,3924 2009,3924 2009,3962 1980,3962"/>
	<TextEquiv>
	<Unicode>e</Unicode></TextEquiv></Glyph>
	<Glyph id="c1660">
	<Coords points="2013,3923 2039,3923 2039,3962 2013,3962"/>
	<TextEquiv>
	<Unicode>s</Unicode></TextEquiv></Glyph>
	<TextEquiv>
	<Unicode>des</Unicode></TextEquiv></Word>
	<Word id="w1661">
	<Coords points="2105,3907 2120,3907 2120,3923 2195,3923 2195,3925 2233,3925 2233,3962 2157,3962 2157,3961 2066,3961 2066,3923 2105,3923"/>
	<Glyph id="c1662">
	<Coords points="2066,3923 2100,3923 2100,3961 2066,3961"/>
	<TextEquiv>
	<Unicode>v</Unicode></TextEquiv></Glyph>
	<Glyph id="c1663">
	<Coords points="2105,3907 2120,3907 2120,3961 2105,3961"/>
	<TextEquiv>
	<Unicode>i</Unicode></TextEquiv></Glyph>
	<Glyph id="c1664">
	<Coords points="2124,3924 2154,3924 2154,3961 2124,3961"/>
	<TextEquiv>
	<Unicode>e</Unicode></TextEquiv></Glyph>
	<Glyph id="c1665">
	<Coords points="2157,3923 2195,3923 2195,3962 2157,3962"/>
	<TextEquiv>
	<Unicode>u</Unicode></TextEquiv></Glyph>
	<Glyph id="c1666">
	<Coords points="2199,3925 2233,3925 2233,3962 2199,3962"/>
	<TextEquiv>
	<Unicode>x</Unicode></TextEquiv></Glyph>
	<TextEquiv>
	<Unicode>vieux</Unicode></TextEquiv></Word>
	<Word id="w1667">
	<Coords points="2260,3913 2281,3913 2281,3925 2445,3925 2445,3964 2349,3964 2349,3963 2314,3963 2314,3962 2260,3962"/>
	<Glyph id="c1668">
	<Coords points="2260,3913 2281,3913 2281,3962 2260,3962"/>
	<TextEquiv>
	<Unicode>t</Unicode></TextEquiv></Glyph>
	<Glyph id="c1669">
	<Coords points="2285,3925 2312,3925 2312,3962 2285,3962"/>
	<TextEquiv>
	<Unicode>r</Unicode></TextEquiv></Glyph>
	<Glyph id="c1670">
	<Coords points="2314,3925 2346,3925 2346,3963 2314,3963"/>
	<TextEquiv>
	<Unicode>o</Unicode></TextEquiv></Glyph>
	<Glyph id="c1671">
	<Coords points="2349,3926 2385,3926 2385,3964 2349,3964"/>
	<TextEquiv>
	<Unicode>n</Unicode></TextEquiv></Glyph>
	<Glyph id="c1672">
	<Coords points="2388,3926 2417,3926 2417,3964 2388,3964"/>
	<TextEquiv>
	<Unicode>c</Unicode></TextEquiv></Glyph>
	<Glyph id="c1673">
	<Coords points="2419,3925 2445,3925 2445,3964 2419,3964"/>
	<TextEquiv>
	<Unicode>s</Unicode></TextEquiv></Glyph>
	<TextEquiv>
	<Unicode>troncs</Unicode></TextEquiv></Word>
	<Word id="w1674">
	<Coords points="2504,3909 2540,3909 2540,3914 2599,3914 2599,3915 2622,3915 2622,3927 2690,3927 2690,3951 2710,3951 2710,3964 2690,3964 2690,3965 2662,3965 2662,3966 2540,3966 2540,3968 2504,3968 2504,3964 2470,3964 2470,3925 2504,3925"/>
	<Glyph id="c1675">
	<Coords points="2470,3925 2502,3925 2502,3964 2470,3964"/>
	<TextEquiv>
	<Unicode>a</Unicode></TextEquiv></Glyph>
	<Glyph id="c1676">
	<Coords points="2504,3909 2540,3909 2540,3968 2504,3968"/>
	<TextEquiv>
	<Unicode>b</Unicode></TextEquiv></Glyph>
	<Glyph id="c1677">
	<Coords points="2543,3926 2574,3926 2574,3964 2543,3964"/>
	<TextEquiv>
	<Unicode>a</Unicode></TextEquiv></Glyph>
	<Glyph id="c1678">
	<Coords points="2578,3914 2599,3914 2599,3965 2578,3965"/>
	<TextEquiv>
	<Unicode>t</Unicode></TextEquiv></Glyph>
	<Glyph id="c1679">
	<Coords points="2601,3915 2622,3915 2622,3964 2601,3964"/>
	<TextEquiv>
	<Unicode>t</Unicode></TextEquiv></Glyph>
	<Glyph id="c1680">
	<Coords points="2625,3927 2662,3927 2662,3966 2625,3966"/>
	<TextEquiv>
	<Unicode>u</Unicode></TextEquiv></Glyph>
	<Glyph id="c1681">
	<Coords points="2664,3927 2690,3927 2690,3965 2664,3965"/>
	<TextEquiv>
	<Unicode>s</Unicode></TextEquiv></Glyph>
	<Glyph id="c1682">
	<Coords points="2697,3951 2710,3951 2710,3964 2697,3964"/>
	<TextEquiv>
	<Unicode>.</Unicode></TextEquiv></Glyph>
	<TextEquiv>
	<Unicode>abattus.</Unicode></TextEquiv></Word>
	<TextEquiv>
	<Unicode>les ruines vermoulucs des vieux troncs abattus.</Unicode></TextEquiv></TextLine>
	<TextEquiv>
	<Unicode>Ceci serve de lecon aux novices qui s’établissent sur
les ruines vermoulucs des vieux troncs abattus.</Unicode></TextEquiv></TextRegion></Page></PcGts>
