4131 5847
1896 1125 2235 1178 4—341—-

1209 1230 1622 1322 banqueroutes
1641 1255 1938 1324 arrangées
1967 1258 2022 1309 et
2049 1253 2325 1324 liquidées
2349 1248 2740 1338 par'amiahles
2766 1247 2915 1323 oom-

1210 1340 1486 1409 positeurs
1513 1342 1611 1410 qui
1641 1345 1905 1397 trouvent
1933 1345 1984 1397 le
2019 1334 2221 1413 moyen
2248 1343 2320 1397 de
2346 1343 2484 1398 faire
2522 1343 2742 1398 montei'
2770 1342 2802 1395 a
2831 1355 2915 1394 'un

1213 1429 1420 1484 million
1449 1446 1527 1484 un
1555 1432 1730 1500 passif
1750 1432 1820 1486 de
1847 1433 2102 1502 200,000
2129 1432 2332 1486 francs.

1556 1862 2055 1945 lllénnorandum
2097 1895 2217 1945 (les
2258 1895 2577 1945 édlteurl.

1244 2129 1247 2133 .
1290 2142 1469 2196 Toute
1500 2140 1812 2195 institution
1839 2141 1937 2210 qui
1959 2141 2095 2194 n’est
2114 2157 2211 2210 pas
2239 2141 2559 2195 maintenue
2579 2157 2681 2210 par
2699 2142 2799 2195 des
2819 2145 2920 2197 sta-

1212 2235 1354 2285 stuts
1392 2246 1465 2285 ou
1511 2245 1623 2283 une
1669 2225 1874 2283 charte'
1907 2224 2202 2284 inviolable
2239 2229 2454 2299 gravite
2497 2230 2920 2286 incessamment

1211 2317 1340 2374 vers
1362 2322 1412 2374 la
1438 2319 1724 2389 tyrannie,
1759 2324 1815 2373 et
1839 2321 1890 2374 la
1910 2319 2167 2389 tyrannie
2193 2319 2451 2374 devenue
2479 2319 2802 2374 intolerable
2822 2337 2916 2390 ap-

1212 2411 1354 2479 pelle
1380 2410 1411 2463 a
1434 2412 1485 2463 la
1506 2409 1736 2463 révolte.
2125 2403 2128 2406 ‘
2162 2405 2165 2407 '

1290 2501 1441 2554 Nous
1469 2515 1707 2553 sommes
1734 2499 1936 2553 étonné
1960 2493 2139 2569 qu’on~
2158 2500 2395 2553 cherche
2423 2499 2468 2553 si
2497 2499 2609 2553 loin
2628 2501 2708 2553 les
2728 2517 2919 2556 causes
2949 2519 2957 2526 '

1213 2591 1284 2644 de
1322 2592 1374 2644 la
1411 2589 1656 2644 détresse
1695 2590 1765 2643 de
1797 2591 1847 2643 la
1882 2589 2127 2643 librairie
2165 2589 2453 2658 franeaise,
2485 2590 2677 2658 quand
2703 2591 2919 2660 chaque

1125 2663 1131 2668 .
1172 2712 1175 2715 -
1214 2679 1434 2733 éditeur
1456 2682 1592 2747 peut
1629 2682 1828 2733 mettre
1854 2679 1904 2732 1e
1930 2678 2083 2748 doigt
2108 2693 2207 2732 sur
2234 2679 2285 2733 la
2315 2678 2487 2748 plaie;
2514 2678 2652 2732 mais
2681 2678 2920 2742 l’inti’mi—

1214 2767 1403 2821 dation
1431 2770 1514 2820 est
1532 2767 1801 2821 arrivéea
1828 2782 1907 2820 un
1935 2769 2007 2821 tel
2035 2767 2191 2837 point
2209 2767 2370 2836 qu’ils
2390 2763 2718 2822 n’oseraient
2736 2769 2920 2823 élever

1214 2859 1265 2912 la
1292 2857 1441 2926 voix,
1467 2857 1646 2910 meme
1664 2872 1808 2926 pour
1835 2872 1894 2910 se
1912 2857 2192 2927 pla’indre;
2220 2872 2362 2909 nous
2382 2857 2725 2927 l’éleverons,
2752 2874 2914 2928 nous,

1212 2963 1356 3017 pour
1374 2936 1624 3015 accuser,
1649 2933 1870 3000 chiffres
1897 2962 1997 3000 sur
2023 2947 2190 3016 table,
2213 2947 2291 2999 les
2318 2946 2570 3000 libraires
2598 2946 2914 3018 inter10pes,

1213 3036 1291 3089 les
1329 3035 1636 3101 débitants,
1678 3026 2214 3089 commissionnaires
2261 3039 2317 3089 et
2349 3020 2805 3103 'entrepositaires
2848 3037 2918 3091 de

1214 3127 1407 3190 livres,
1442 3128 1626 3179 toutes
1661 3127 1738 3178 les
1765 3125 2030 3178 secondes
2065 3124 2241 3178 mains
2275 3126 2454 3195 enfin,
2493 3126 2667 3180 d’etre
2707 3127 2759 3180 la
2794 3142 2919 3195 pre-

1215 3215 1387 3270 miere
1415 3219 1470 3268 et
1497 3214 1742 3283 l’unique
1764 3200 1928 3267 cause
1955 3208 2025 3268 de
2053 3215 2103 3267 la
2128 3211 2321 3267 Cherté
2347 3213 2445 3267 des
2467 3213 2634 3267 livres
2654 3213 2881 3268 d’abord
2898 3256 2912 3280 ,

1215 3309 1271 3358 et
1318 3304 1388 3357 de
1435 3303 1580 3358 l’état
1625 3302 1919 3372 désespéré
1964 3303 2034 3357 de
2079 3304 2129 3357 la
2184 3302 2430 3356 librairie
2480 3304 2618 3357 dans
2664 3308 2792 3358 tous
2840 3307 2919 3359 les

1219 3408 1377 3463 pays.
1786 3383 1794 3393 ‘
2098 3450 2101 3453 .
2634 3434 2637 3437 a

1287 3482 1438 3536 Nous
1475 3498 1546 3535 ne
1581 3481 1773 3536 dirons
1800 3498 1897 3552 pas
1926 3497 2037 3551 que
2066 3496 2210 3535 nous.
2237 3496 2475 3535 sommes
2502 3482 2640 3552 payé
2668 3500 2811 3552 pour
2839 3486 2915 3538 les

1213 3573 1497 3640 attaquer,
1521 3568 1659 3625 mais
1685 3587 1827 3625 nous
1862 3572 1940 3624 les
1965 3574 2288 3641 attaquons,
2319 3587 2391 3625 au
2421 3572 2696 3627 contraire
2711 3615 2727 3643 ,
2751 3590 2916 3643 parce

1214 3675 1325 3730 que
1345 3677 1486 3714 nous
1509 3662 1632 3713 n’en
1654 3676 1890 3714 sommes
1913 3676 2010 3729 pas
2032 3660 2192 3730 paye.

1289 3751 1440 3804 Nous
1466 3765 1639 3803 avons
1661 3749 1848 3804 étudié
1874 3748 1906 3802 :3:
1927 3765 2026 3803 nos
2046 3750 2178 3803 frais
2204 3748 2427 3803 l’ulc'ere
2452 3767 2564 3819 que
2585 3767 2726 3805 nous
2744 3753 2919 3807 allons

1214 3839 1431 3893 décrire
1464 3857 1477 3892 :
1509 3842 1652 3893 cette
1688 3839 1856 3893 étude
1882 3854 2023 3892 nous
2051 3855 2082 3892 a
2109 3838 2272 3893 couté
2307 3838 2510 3907 quinze
2539 3841 2745 3895 années
2770 3842 2917 3896 d’ex-

1215 3928 1499 3998 périences
1526 3931 1582 3982 et
1609 3945 1680 3982 au
1711 3928 1889 3983 moins
1915 3928 2167 3996 250,000
2197 3927 2379 3982 francs
2406 3929 2479 3983 de
2508 3932 2719 4002 leeons;
2764 3930 2800 3984 il
2837 3937 2921 3987 est

1212 4034 1322 4088 peu
1351 4018 1422 4072 de
1450 4019 1720 4073 branches
1756 4007 1826 4072 de
1872 4019 1923 4072 la
1949 4017 2376 4088 thérapeutique
2407 4020 2605 4075 sociale
2636 4022 2734 4091 qui
2766 4022 2918 4077 aient
