4131 5847
1902 1041 2288 1107 —540—'

1226 1200 1297 1237 on
1315 1198 1386 1236 ne
1406 1186 1507 1251 put
1525 1182 1749 1236 résister
1776 1184 1808 1237 a
1836 1185 1885 1238 la
1917 1185 2185 1240 tentation
2215 1185 2285 1238 de
2314 1185 2364 1237 le
2391 1185 2744 1239 contrefaire.
2774 1184 2815 1240 Il
2843 1189 2925 1240 est

1225 1272 1344 1326 vrai
1363 1287 1474 1341 que
1500 1272 1579 1325 les
1605 1273 2041 1327 contrefacteurs
2069 1275 2219 1327 n’ont
2237 1279 2341 1343 'pas
2366 1273 2439 1327 de
2464 1274 2640 1328 droits
2669 1275 2928 1329 d’auteur

1222 1362 1253 1415 a
1277 1375 1476 1431 payer;
1520 1361 1657 1415 mais
1679 1364 1792 1416 cela
1824 1365 2081 1416 n’excuse
2120 1378 2216 1431 pas
2255 1364 2640 1431 l’exagération
2668 1364 2925 1433 générale

1225 1450 1303 1505 du
1326 1451 1450 1521 prix
1467 1451 1567 1505 des
1602 1451 1772 1506 livres
1800 1452 2057 1520 francais.

1297 1540 1372 1594 La
1398 1540 1759 1612 typographic
1784 1556 1816 1594 a
1843 1541 2242 1596 certainement
2267 1541 2464 1595 atteint
2484 1543 2535 1595 le
2554 1542 2710 1611 point
2729 1542 2924 1596 culmi-

1220 1634 1356 1683 nant
1380 1631 1450 1686 de
1477 1634 1528 1686 la
1554 1630 1857 1702 perfection
1880 1630 1979 1685 des
2007 1635 2164 1700 types
2179 1672 2194 1699 ,
2218 1631 2296 1685 du
2317 1631 2544 1686 brillant
2568 1631 2667 1686 des
2694 1647 2888 1686 encres
2902 1673 2917 1700 ,

1217 1720 1288 1772 de
1317 1721 1366 1774 la
1393 1722 1595 1776 beauté
1630 1721 1729 1775 des
1757 1720 2005 1790 papiers,
2039 1722 2110 1775 de
2136 1723 2186 1775 la
2219 1721 2610 1799 magniﬁcence
2637 1723 2736 1776 des
2760 1738 2922 1776 orne-

1218 1815 1398 1864 ments
1434 1816 1489 1866 et
1515 1812 1615 1866 des
1640 1810 2050 1880 enluminures;
2088 1811 2225 1866 mais
2260 1834 2282 1858 «
2302 1813 2361 1880 je
2389 1827 2459 1866 ne
2487 1812 2719 1866 tracerai
2748 1827 2844 1881 pas
2870 1812 2920 1863 le

1216 1900 1432 1955 tableau
1459 1903 1529 1956 de
1568 1917 1654 1955 ses
1690 1902 2025 1970 conquétes,
2067 1900 2105 1954 il
2146 1900 2466 1970 serait'trOp
2494 1900 2710 1970 pénible
2746 1901 2925 1961 d’étre

1212 1989 1391 2059 oblige
1426 1991 1742 2061 d’exposer,
1774 2007 1844 2045 en
1872 1990 2145 2059 pendant,
2189 1991 2239 2043 1e
2264 1990 2485 2044 tableau
2513 1990 2584 2043 de
2620 2005 2709 2044 ses
2734 1989 2918 2044 désas-

1212 2083 1326 2132 tres
1361 2103 1383 2126 »
1406 2121 1420 2148 ,
1459 2096 1490 2134 a
1528 2080 1613 2133 dit
1649 2081 1699 2132 le
1732 2083 2065 2148 rapporteur
2090 2078 2169 2133 du
2189 2080 2326 2149 jury
2354 2079 2610 2146 francais.
2645 2078 2725 2132 Eh
2753 2078 2912 2148 bien,

1171 2228 1173 2230 _
1215 2184 1355 2221 nous
1381 2169 1593 2238 dirons,
1617 2183 1779 2237 nous,
1803 2183 1928 2221 sans
1955 2167 2182 2238 hésiter,
2205 2169 2387 2237 que'le
2407 2183 2517 2237 peu
2543 2167 2613 2221 de
2633 2167 2820 2221 sureté
2836 2167 2917 2221 du

1212 2273 1521 2312 commerce
1544 2258 1615 2311 de
1652 2259 1701 2311 la
1738 2257 1984 2311 librairie
2013 2261 2067 2311 et
2094 2259 2145 2311 la
2180 2256 2462 2311 mauvaise
2491 2256 2563 2310 foi
2600 2257 2699 2310 des
2733 2260 2917 2310 entre-

1212 2347 1497 2417 positaires
1512 2389 1526 2417 ,
1559 2347 1636 2401 lui
1660 2364 1692 2401 a
1711 2348 1810 2401 fait
1834 2351 2030 2401 autant
2055 2346 2127 2400 de
2153 2349 2260 2401 mal
2291 2362 2404 2416 que
2431 2347 2483 2400 le
2509 2348 2636 2400 luxe
2655 2350 2710 2400 et
2729 2347 2807 2400 les
2829 2360 2916 2399 er-

1213 2453 1375 2491 reurs
1399 2438 1470 2491 de
1496 2437 1671 2491 calcul
1692 2438 1790 2491 des
1816 2436 2084 2491 éditeurs.

1288 2527 1431 2581 Tant
1473 2528 1640 2596 qu’on
1684 2526 1857 2584 devra
1902 2525 2155 2580 recourir
2197 2541 2341 2595 pour
2376 2527 2427 2580 le
2468 2527 2774 2595 placement
2817 2525 2916 2578 des

1211 2618 1378 2671 livres
1404 2616 1436 2670 a
1463 2617 1562 2670 des
1600 2615 2040 2670 interme'diaires
2066 2616 2164 2685 qui
2193 2632 2264 2669 ne
2287 2631 2345 2670 se
2372 2619 2696 2671 contentent
2721 2632 2819 2685 pas
2844 2616 2914 2669 de

1212 2707 1512 2776 cinquante
1539 2722 1683 2775 pour
1709 2709 1836 2760 cent
1853 2705 1924 2758 de
1943 2705 2190 2759 bénéﬁce
2209 2721 2310 2759 sur
2329 2706 2380 2758 la
2407 2706 2604 2759 valeur
2629 2705 2727 2760 des
2746 2705 2913 2758 livres

1211 2795 1309 2865 qui
1331 2798 1552 2863 passent
1572 2811 1673 2864 par
1692 2795 1842 2848 leurs
1863 2776 2060 2863 mains,
2085 2798 2205 2848 taut
2230 2810 2342 2865 que
2363 2795 2412 2870 la
2439 2798 2593 2863 poste
2613 2811 2684 2849 ne
2703 2794 2913 2848 servira

1212 2901 1309 2955 pas
1334 2885 1791 2940 d’entremetteur
1826 2884 2003 2939 direct
2039 2885 2109 2938 de
2142 2884 2395 2939 l’éditeur
2429 2884 2461 2938 a
2493 2885 2820 2953 l’acheteur,
2863 2885 2912 2938 Ia

1210 2974 1455 3028 librairie
1484 2989 1555 3027 ne
1582 2989 1640 3026 se
1668 2974 1916 3027 relévera
1942 2989 2061 3043 pas,
2086 2974 2164 3026 les
2191 2974 2358 3045 livres
2386 2976 2661 3028 resteront
2679 2975 2839 3027 chers
2856 2976 2912 3027 et

1210 3078 1361 3117 rares
1389 3079 1458 3116 en
1486 3063 1724 3132 France,
1767 3064 1817 3116 la
1844 3063 2193 3130 contrefacon
2230 3063 2557 3117 continuera
2588 3061 2692 3116 'son
2718 3078 2911 3116 oeuvre

1209 3153 1278 3206 de
1306 3139 1681 3220 destruction,
1713 3154 1768 3204 et
1794 3166 1867 3205 on
1894 3151 2009 3205 {era
2035 3151 2215 3206 litiére
2249 3151 2347 3206 des
2384 3152 2550 3206 livres
2578 3151 2813 3219 francais
2839 3167 2908 3204 en

1208 3240 1491 3311 Belgique.

1282 3330 1405 3400 Que
1424 3331 1560 3384 faire
1581 3346 1652 3384 en
1669 3345 1760 3383 ces
1779 3330 1967 3384 fatales
1987 3333 2394 3401 conjonctures,
2426 3331 2501 3386 ou
2530 3335 2685 3386 toute
2714 3331 2908 3400 espéce

1204 3419 1766 3474 d’accommodement
1793 3422 1950 3473 entre
1970 3421 2020 3473 le
2044 3421 2268 3475 libraire
2289 3422 2557 3491 interlope
2577 3426 2631 3476 et
2651 3421 2905 3475 l’éditeur

1206 3514 1289 3564 est
1316 3509 1666 3579 impbssible?
1693 3523 1834 3563 nous
1854 3510 2025 3564 allons
2052 3526 2190 3564 vous
2211 3513 2260 3565 le
2280 3511 2432 3581 dire;
2462 3510 2691 3580 daignez
2720 3514 2909 3580 préter

1203 3600 1471 3655 attention
1498 3615 1570 3652 au
1600 3598 1889 3653 manifeste
1916 3599 2160 3667 suivant,
2192 3600 2330 3654 dans
2360 3602 2542 3670 lequel
2570 3616 2712 3654 nous
2734 3602 2906 3653 allons

1205 3704 1437 3760 exposer
1475 3678 1553 3742 les
1586 3687 1755 3756 griefs
1788 3686 1859 3741 de
1890 3688 2145 3742 l’éditeur‘
2179 3690 2429 3758 opprimé
2469 3706 2569 3758 par
2603 3691 2654 3744 le
2683 3689 2906 3743 libraire

1207 3780 1393 3848 belge;
1426 3792 1566 3831 nous
1591 3792 1764 3831 avons
1785 3777 1856 3830 de
1884 3778 2054 3831 fortes
2083 3776 2295 3831 raisons
2319 3778 2396 3832 de’
2421 3778 2600 3831 croire
2625 3794 2737 3847 que
2764 3781 2906 3847 cette

1210 3865 1466 3937 tyrannie
1506 3870 1644 3919 n’est
1681 3866 1829 3920 aussi
1868 3866 2075 3936 qu’une
2113 3867 2460 3935 contrefacon
2495 3866 2566 3921 de
2609 3882 2672 3920 ce
2709 3865 2807 3936 qui
2848 3882 2907 3920 se

1213 3971 1368 4026 passe
1387 3971 1457 4009 en
1486 3955 1717 4023 France,
1745 3953 1819 4009 on
1848 3955 1884 4008 il
1905 3955 2077 4010 existe
2101 3970 2213 4010 une
2233 3954 2375 4025 plaie
2393 3956 2464 4010 de
2483 3957 2629 4025 plus,
2653 3956 2786 4035 celle
2809 3955 2907 4010 des
