4131 5847
1869 1065 2210 1122 “550—-

1194 1210 1335 1252 nous
1359 1193 1505 1253 done
1535 1188 1654 1267 que
1678 1207 1771 1250 mas
1793 1190 1945 1251 deux
1969 1197 2245 1253 mauleres
2267 1199 2446 1253 d’etre'
2477 1212 2551 1253 ou
2579 1200 2650 1252 de
2679 1198 2890 1254 sentir?

1195 1287 1276 1340 En
1303 1299 1710 1341 sommes-nous
1736 1286 1768 1340 a
1797 1300 1868 1341 ne
1900 1287 2142 1359 pouvolr
2164 1283 2302 1343 fairs
2328 1292 2491 1343 autre
2515 1290 2681 1343 chose
2716 1292 2895 1360 qu’ino

1192 1379 1441 1446 terroger
1460 1380 1516 1430 et
1538 1390 1649 1446 que
1671 1387 1815 1430 nous
1834 1379 2109 1432 exclamer
2134 1378 2275 1432 dans
2294 1390 2394 1433 nos
2421 1378 2631 1432 écrits?

1267 1463 1354 1519 On
1394 1482 1533 1520 nous
1561 1465 1836 1535 répondra
1862 1483 1975 1535 que
2009 1467 2055 1520 si
2092 1467 2198 1521 l’on
2225 1467 2373 1523 avait
2407 1468 2504 1522 des
2535 1468 2717 1538 signes
2746 1485 2893 1544 pour

1190 1559 1316 1610 tous
1335 1567 1435 1610 nos
1455 1556 1780 1610 sentiments
1799 1559 1855 1609 et
1876 1557 2027 1609 leurs
2047 1568 2312 1627 nuances,
2337 1558 2450 1611 cela
2470 1558 2890 1629 oompliquerait

1191 1650 1315 1715 trop
1335 1645 1386 1700 la
1411 1658 1561 1701 casse
1581 1648 1636 1698 et
1662 1660 1776 1715 que
1794 1646 2084 1716 l'alphabet
2102 1646 2451 1701 deviendrait
2472 1649 2595 1717 plus
2615 1648 2839 1703 difﬁcile
2858 1649 2890 1702 a

1190 1736 1435 1791 retenir:
1467 1737 1581 1788 cela
1615 1738 1699 1788 est
1732 1735 1882 1806 Vrai;
1927 1736 2064 1789 mals
2100 1736 2145 1789 si
2181 1738 2287 1790 l’on
2328 1737 2575 1797 trouvait
2604 1740 2655 1791 le
2690 1753 2889 1810 moyen

1135 1896 1140 1901 _
1189 1824 1520 1893 d’exprimer
1547 1823 1578 1877 a
1605 1822 1762 1877 l’aide
1790 1824 1860 1877 de
1887 1823 2022 1877 trois
2049 1840 2124 1878 ou
2151 1829 2351 1893 quatre
2379 1825 2562 1894 signes
2594 1842 2889 1881 nouveaux

1188 1917 1315 1968 tous
1348 1915 1426 1966 les
1451 1912 1782 1983 principaux
1816 1928 2056 1982 groupes
2084 1914 2155 1967 de
2184 1913 2492 1977 sensations
2517 1915 2788 1984 voisines,
2819 1916 2889 1968 de

1188 2002 1435 2056 maniere
1454 2002 1696 2074 amettre
1714 2003 1766 2056 1e
1787 2003 1997 2057 lecteur
2019 2019 2089 2056 en
2112 2003 2226 2058 état
2244 2004 2314 2057 de
2335 2004 2539 2058 rendre
2560 2004 2591 2058 a
2612 2004 2889 2075 premiere

1187 2109 1297 2147 vue
1324 2094 1401 2146 les
1426 2092 1752 2146 sentiments
1774 2092 1843 2145 de
1863 2093 2119 2163 l’auteur,
2148 2092 2185 2146 il
2205 2110 2348 2148 nous
2367 2093 2574 2147 semble
2601 2093 2765 2164 qu’on
2793 2095 2889 2148 de-

1186 2182 1332 2236 vrait
1368 2183 1447 2236 les
1483 2181 1744 2250 adopter;
1775 2197 1870 2234 car
1897 2182 1964 2235 ils
1998 2182 2454 2252 remplaceraient
2490 2198 2605 2237 une
2635 2184 2783 2238 foule
2817 2183 2886 2236 de

1184 2271 1383 2341 petites
1426 2271 1658 2340 phrases
1702 2269 1970 2338 parasites
2006 2270 2104 2340 qui
2152 2287 2221 2326 ne
2282 2272 2402 2325 font
2447 2273 2785 2341 qu’allonger
2829 2275 2884 2323 et

1184 2360 1434 2415 alourdir
1459 2362 1510 2413 le
1539 2359 1813 2413 discours.
1846 2360 1956 2414 Nos
1985 2376 2282 2416 nouveaux
2320 2361 2505 2430 p‘oints
2539 2361 2779 2415 seraient
2812 2377 2884 2415 au

1183 2448 1496 2504 littérateur
1516 2463 1581 2503 ce
1606 2451 1786 2518 qu’est
1806 2462 1883 2503 au
1900 2448 2239 2503 mécanicien
2268 2465 2381 2504 une
2407 2450 2639 2520 planche
2665 2466 2740 2504 ou
2774 2467 2884 2504 une

1184 2539 1362 2608 ﬁgure
1389 2538 1487 2608 qui
1515 2538 1656 2592 tient
1684 2538 1795 2592 lien
1823 2538 1894 2592 de
1919 2538 2078 2608 vingt
2104 2553 2270 2608 page:
2298 2539 2367 2592 do
2390 2538 2758 2610 description;
2784 2556 2885 2608 par

1184 2629 1432 2698 exemple
1459 2641 1537 2681 un
1557 2627 1714 2698 point
1738 2627 1959 2682 d'ironie
1976 2629 2296 2698 représenté
2324 2644 2425 2698 par
2452 2645 2565 2683 une
2592 2628 2763 2698 petite
2789 2628 2884 2683 ﬂé-

1184 2718 1285 2772 che
1306 2717 1570 2772 tiendrait
1589 2712 1701 2771 lieu
1720 2717 1819 2770 des
1840 2718 2069 2786 phrases
2094 2736 2107 2771 :
2131 2719 2264 2771 dit~il
2278 2730 2344 2771 en
2363 2718 2654 2787 persi/lant,
2683 2718 2881 2785 :4in-

1184 2808 1271 2861 HI
1292 2823 1358 2860 en
1377 2807 1731 2876 plaisantant,
1762 2807 1990 2875 reprit-z’l
2013 2808 2144 2879 d’un
2168 2807 2253 2859 air
2276 2822 2555 2876 moqueur,
2587 2810 2693 2860 etc.
2729 2807 2880 2861 Nous

1182 2897 1442 2950 insistons
1462 2896 1710 2949 d’autant
1734 2897 1860 2963 plus
1886 2910 2031 2965 pour
2057 2895 2352 2965 l’adoption
2380 2895 2513 2950 d’un
2540 2896 2695 2964 point
2719 2895 2881 2948 d'iro-

1182 2985 1273 3038 nie
1299 2999 1410 3054 que
1436 2985 1574 3038 dans
1607 2984 1846 3038 certains
1883 2998 2019 3053 pays
2048 2999 2110 3038 ce
2145 2988 2304 3053 trope
2340 2987 2424 3038 est
2458 2984 2881 3053 complétement

1183 3075 1425 3132 inconnu
1453 3078 1508 3128 et
1526 3075 1711 3128 donne
1730 3074 1842 3128 lieu
1863 3088 1974 3128 aux
1992 3075 2118 3142 plus
2137 3074 2390 3143 étranges
2419 3072 2704 3144 méprises,
2724 3074 2880 3129 Voire

1181 3166 1362 3218 meme
1388 3164 1420 3218 a
1438 3164 1540 3218 des
1558 3164 1736 3218 duels.
1764 3159 1839 3218 Le
1858 3164 2050 3218 défaut
2069 3164 2141 3218 de
2158 3164 2315 3233 point
2333 3162 2564 3217 d’ironie
2590 3179 2622 3217 a
2642 3163 2879 3218 brouillé

1177 3257 1304 3325 plus
1322 3248 1455 3308 d’un
1468 3253 1799 3323 journaliste
1819 3267 1958 3308 avec
1974 3256 2129 3308 toute
2150 3270 2264 3307 une
2289 3254 2460 3307 classe
2479 3252 2549 3305 de
2573 3254 2625 3307 la
2650 3252 2873 3323 société,

1178 3346 1229 3398 la
1256 3346 1426 3398 classe
1451 3346 1502 3398 la
1529 3346 1658 3414 plus
1690 3344 1887 3398 lourde
1914 3347 1971 3397 et
1997 3346 2056 3398 'la
2091 3345 2217 3413 plus
2255 3343 2590 3397 nombreuse
2627 3342 2757 3396 bien
2783 3355 2877 3397 en-

1178 3433 1373 3487 tendu.
2844 3490 2849 3497 ‘

1253 3524 1406 3577 Nous
1431 3534 1736 3593 proposons
1758 3522 1907 3577 aussi
1944 3535 2025 3577 un
2059 3522 2216 3592 point
2240 3522 2583 3586 d’z‘rritation,
2614 3531 2693 3573 un
2722 3519 2879 3588 point

1176 3612 1582 3681 d’z’ndigmtion,
1620 3630 1697 3667 un
1734 3611 1890 3682 point
1920 3612 2274 3677 d’hésitation,
2319 3614 2441 3665 tout
2478 3611 2595 3664 cela
2629 3609 2875 3679 exprimé

1175 3714 1311 3756 avec
1337 3703 1389 3756 la
1415 3705 1596 3758 méme
1622 3703 1796 3757 fléche
1823 3702 2012 3773 placée
2036 3701 2175 3756 dans
2203 3706 2403 3773 quatre
2429 3699 2696 3770 positions
2720 3699 2876 3753 diﬂ'é-

1177 3794 1385 3845 rentes.
2117 3817 2120 3821 *

1250 3879 1404 3936 Nous
1432 3893 1737 3950 proposons
1772 3895 1850 3933 un
1886 3880 2044 3949 point
2076 3880 2149 3933 do
2181 3881 2470 3950 sympathie
2502 3877 2565 3950 0,
2607 3894 2686 3931 un
2720 3872 2874 3946 point

1176 3970 1511 4039 d’antipathz'e
1527 3968 1570 4041 )(
1586 4012 1601 4039 ,
1625 3983 1703 4025 un
1726 3970 1882 4039 point
1900 3967 2224 4038 d’a/‘ﬂiction,
2257 3985 2335 4023 no
2362 3969 2518 4039 point
2543 3968 2616 4021 de
2639 3967 2879 4034 satisfac-_
