4131 5847
1894 1097 2236 1158 —547—

1285 1229 1466 1298 Qu’ou
1486 1244 1558 1284 ne
1574 1226 1690 1286 crie
1708 1242 1806 1296 pas
1831 1226 1865 1284 £1
1882 1225 2329 1296 l’impossihilité;
2358 1241 2500 1284 nous
2515 1225 2728 1295 discus,
2749 1242 2912 1296 nous,

1210 1334 1323 1389 que
1349 1320 1401 1373 la
1419 1317 1584 1375 chose
1608 1319 1694 1371 est
1720 1315 2160 1390 trés-praticable
2177 1319 2235 1371 et
2251 1315 2385 1385 qu’il
2414 1315 2504 1385 n’y
2524 1315 2708 1373 aurait
2719 1316 2919 1384 jamais

1210 1407 1717 1465 d’encombrement
1748 1405 1888 1463 daus
1913 1406 1992 1464 lee
2019 1406 2447 1474 wanes-pastes,
2478 1406 2768 1474 lesquelles
2793 1421 2918 1475 par-

1213 1501 1333 1555 tant
1352 1500 1479 1556 tous
1503 1496 1583 1553 les
1595 1496 1758 1563 jours
1780 1510 1918 1554 avec
1937 1510 2017 1552 un
2044 1494 2193 1563 plein
2220 1496 2578 1564 chargement
2591 1536 2607 1565 ,
2637 1496 2691 1549 le
2714 1494 2918 1549 diviso-

1214 1586 1395 1643 raient
1418 1584 1451 1643 ii
1471 1585 1686 1653 chaque
1721 1583 2214 1643 embranchement
2240 1585 2311 1638 de
2339 1588 2530 1638 routes
2555 1588 2614 1643 e’t
2637 1583 2920 1643 ﬁniraient

1215 1692 1316 1745 par
1337 1673 1549 1733 n’avoir
1575 1677 1697 1729 tout
1735 1689 1810 1731 an
1845 1675 1972 1742 plus
1999 1676 2176 1743 qn’un
2206 1690 2281 1728 ou
2307 1674 2459 1731 deux
2486 1676 2741 1734 volumes
2768 1673 2801 1731 in
2830 1690 2919 1728 re.

1215 1768 1416 1823 mettre
1437 1780 1550 1823 aux
1567 1762 1821 1819 derniers
1840 1763 2115 1823 hureaux.
2142 1763 2210 1821 Et
2235 1763 2438 1821 dut-on
2455 1762 2613 1818 avoir
2632 1763 2828 1820 besoin
2844 1762 2916 1818 de

1213 1853 1493 1924 plusieurs
1539 1853 1794 1911 chevaux
1831 1869 1905 1914 an
1940 1853 2110 1914 sortir
2134 1854 2206 1909 de
2230 1854 2285 1910 la
2313 1853 2565 1928 upitale,
2595 1854 2650 1906 1e
2681 1868 2915 1924 gouver-

1218 1947 1446 2003 nement
1470 1942 1757 2012 gagnerait
1774 1958 1924 1997 assez
1951 1959 2096 2013 pour
2115 1959 2185 2004 en
2206 1942 2343 1999 faire
2363 1944 2414 1998 la
2440 1942 2702 2012 dépense.

1289 2031 1557 2091 Combien
1584 2047 1649 2086 cc
1683 2032 1846 2088 mode
1874 2026 2397 2102 n’augmenterait-il
2424 2047 2523 2101 pas
2550 2032 2601 2086 le
2627 2030 2782 2090 débit
2815 2032 2918 2087 des

1214 2122 1420 2178 livres?
1445 2121 1709 2178 Combieu
1728 2122 1800 2181 do
1826 2137 2130 2191 personnes
2149 2121 2402 2179 habitant
2420 2121 2814 2176 deslchéteaux
2841 2137 2916 2178 ou

1214 2212 1314 2270 des
1339 2211 1596 2271 retrain
1623 2198 1898 2278 éloignées
1932 2227 2004 2265 ne
2035 2210 2370 2284 voudraieut
2402 2225 2502 2280 pas
2537 2210 2790 2268 recevoir
2834 2211 2915 2265 les

1215 2301 1385 2354 livres
1411 2315 1708 2359 nouveaux
1733 2299 1882 2357 aussi
1910 2300 2025 2357 vite
2065 2302 2275 2369 qu’une
2310 2299 2509 2355 lettre?
2536 2299 2744 2357 Tandis
2761 2301 2916 2371 qu’a-

1214 2405 1318 2448 vec
1342 2391 1395 2451 la
1419 2390 1641 2445 lenteur
1659 2388 1881 2447 étudiée
1899 2389 1998 2449 des
2016 2389 2271 2449 libraires
2297 2389 2367 2446 dc
2392 2388 2681 2459 province,
2712 2388 2750 2446 il
2776 2393 2860 2446 est
2885 2389 2918 2446 in

1212 2478 1375 2548 poino
1394 2477 1632 2547 possible
1650 2477 1722 2535 de
1740 2479 1993 2536 recevoir
2018 2496 2091 2540 au
2111 2479 2250 2537 bout
2269 2479 2402 2536 d’un
2422 2478 2562 2538 mois
2589 2495 2669 2533 un
2690 2478 2831 2535 livre
2845 2479 2918 2536 de

1212 2567 1387 2621 Paris.
1411 2567 1564 2627 Nous
1582 2569 1756 2627 allons
1774 2584 1845 2628 en
1865 2569 2155 2638 expliquer
2172 2570 2226 2628 la
2245 2585 2443 2638 cause;
2465 2584 2562 2626 car
2581 2584 2725 2626 nous
2743 2584 2916 2626 avons

1213 2657 1445 2726 pénétré
1471 2658 1734 2726 jusqu'au
1761 2657 1895 2718 fond
1921 2658 1995 2719 do
2027 2674 2090 2716 as
2114 2658 2319 2727 dédale,
2344 2658 2390 2712 si
2427 2658 2634 2717 obscur
2665 2674 2810 2728 pour
2836 2661 2915 2712 les

1211 2747 1466 2816 profanes
1499 2748 1664 2817 qu’on
1704 2747 1941 2816 mystiﬁe
1967 2764 2103 2808 avec
2138 2763 2252 2803 une
2292 2747 2624 2816 impudence
2663 2763 2792 2803 sans
2818 2764 2915 2817 pa-

1212 2836 1388 2893 reille.
1413 2834 1599 2906 (Hear,
1620 2835 1801 2907 hear!)
2719 2846 2725 2850 '

1285 2926 1441 2984 Vous
1467 2927 1584 2980 étes
1609 2924 1641 2978 £1
1659 2925 1735 2980 50
1762 2924 1935 2983 lieues
1960 2926 2045 2984 de.
2055 2925 2212 2986 Paris
2230 2941 2304 2979 ou
2332 2925 2404 2983 de
2424 2924 2740 2997 Bruxelles,
2772 2940 2915 2978 vous

1209 3029 1381 3083 voyez
1406 3014 1546 3078 dans
1574 3031 1652 3068 un
1669 3015 1894 3083 journal
1913 3016 2256 3084 l’apparition
2282 3014 2418 3069 d’un
2447 3031 2707 3072 nouveau
2739 3015 2910 3084 livre,

1210 3120 1351 3166 vous
1384 3120 1586 3163 warez
1624 3104 1758 3159 chez
1798 3106 1850 3159 le
1881 3104 2126 3174 premier
2163 3090 2390 3163 libraire
2424 3121 2607 3175 venu,
2655 3104 2695 3157 il
2731 3121 2802 3159 ne
2849 3105 2913 3159 l’a

1210 3212 1336 3263 pas,
1369 3211 1465 3252 car
1485 3195 1553 3253 ils
1570 3197 1725 3250 n’ont
1741 3194 1940 3263 jamais
1970 3194 2093 3253 rien
2120 3196 2192 3248 de
2221 3210 2510 3263 nouveau,
2542 3193 2680 3249 mais
2704 3193 2744 3248 i1
2772 3208 2914 3248 vous

1211 3284 1348 3338 oﬂ're
1372 3284 1444 3341 de
1470 3286 1521 3339 le
1547 3284 1684 3343 faire
1712 3280 1875 3343 venir
1901 3282 2024 3338 d’ici
2054 3283 2086 3342 a?!
2113 3284 2264 3342 deux
2289 3299 2364 3338 ou
2394 3283 2531 3339 trois
2549 3284 2712 3355 jours
2726 3303 2742 3354 ;
2770 3297 2914 3338 vous

1210 3377 1492 3443 aweptez,
1525 3372 1563 3426 il
1587 3373 1769 3442 prend
1805 3378 1965 3428 votre
2003 3389 2133 3433 nom
2169 3378 2226 3428 et
2263 3378 2423 3431 votre
2457 3373 2701 3431 adresse.
2751 3372 2913 3429 Trois

1204 3464 1365 3532 jours
1400 3478 1461 3519 se
1497 3467 1748 3532 passent,
1780 3466 1836 3523 et
1862 3464 1982 3521 rien
2021 3463 2290 3533 n’arrive,
2329 3477 2471 3516 vous
2498 3457 2752 3522 atténdez
2787 3462 2914 3520 huit

1204 3553 1394 3623 jours;
1416 3554 1467 3608 le
1494 3552 1662 3608 malin
1695 3554 1955 3622 compére
1976 3569 2120 3609 vous
2145 3553 2245 3608 fait
2271 3552 2426 3608 mine.
2449 3567 2707 3623 excuses,
2738 3567 2838 3606 sur
2860 3552 2912 3609 la

1212 3641 1529 3712 négligence
1563 3644 1633 3696 de
1669 3658 1768 3697 son
1795 3643 2259 3713 correspondant,
2289 3643 2494 3712 auquel
2524 3642 2561 3695 il
2598 3658 2667 3696 va
2704 3641 2912 3698 récrire

1211 3731 1283 3791 de
1308 3731 1483 3802 suite;
1510 3733 1580 3791 45
1602 3734 1763 3802 jours
1788 3723 1980 3802 aprés,
2005 3732 2127 3792 rien
2149 3733 2220 3796 de
2241 3747 2500 3791 nouveau
2514 3752 2531 3803 ;
2563 3731 2661 3788 ah!
2693 3747 2839 3805 pour
2859 3733 2910 3785 le

1212 3836 1356 3890 coup
1382 3837 1484 3879 son
1504 3822 1937 3892 correspondant
1963 3826 2047 3881 est
2074 3822 2315 3891 malade,
2345 3822 2627 3891 peut—étre
2656 3825 2828 3890 mort,
2855 3825 2913 3875 et

1212 3908 1250 3962 il
1288 3927 1358 3971 va
1397 3912 1693 3969 s’adresser
1727 3911 1758 3968 it
1796 3927 1874 3969 an
1908 3915 2098 3981 autre;
2139 3911 2298 3981 vingt
2323 3912 2485 3981 jours
2511 3927 2570 3966 se
2603 3915 2828 3981 passent
2854 3914 2910 3968 et

1209 4005 1369 4055 votre
1389 4002 1550 4055 envic
1570 4018 1628 4055 se
1644 4017 1802 4071 passe
1820 4001 1990 4072 anssi,
2010 4003 2281 4072 peut—étro
2295 4017 2598 4072 avez-vous
2612 4002 2910 4076 emprunté
