4131 5847
1894 1138 1967 1147 —
2008 1111 2118 1164 544
2159 1141 2232 1150 -
2254 1082 2271 1182 ‘3

1206 1237 1318 1306 que
1345 1241 1466 1291 tout
1485 1240 1628 1292 dans
1644 1237 1948 1293 l’intérieur
1969 1243 2025 1293 et
2048 1240 2147 1310 qui
2171 1230 2311 1295 nous
2340 1242 2649 1297 retenaient
2670 1245 2917 1298 l’exorbi-

1206 1330 1356 1381 tante
1375 1329 1725 1383 commission
1745 1329 1815 1383 de
1835 1330 1900 1384 74
1928 1346 1985 1400 p.
2008 1334 2090 1402 °/.,._
2673 1355 2680 1361 -

1228 1487 1232 1492 .
1272 1417 1408 1472 Mais
1434 1435 1646 1473 comme
1666 1419 1702 1472 il
1729 1435 1766 1488 y
1785 1435 1818 1473 a
1840 1420 1890 1472 le
1910 1419 2162 1488 chapitre
2180 1419 2279 1473 des
2301 1420 2642 1490 mécomptes
2662 1422 2767 1491 qui.
2783 1438 2913 1476 con—

1204 1507 1355 1576 siste,
1381 1508 1453 1561 de
1473 1510 1522 1562 la
1549 1512 1676 1578 part
1700 1509 1798 1562 des
1817 1500 2090 1578 libraires,
2117 1509 2149 1562 a
2176 1508 2314 1562 faire
2340 1509 2587 1563 aceroire
2607 1510 2638 1563 a
2657 1511 2912 1566 l’éditeur

1203 1613 1314 1666 que
1342 1613 1429 1651 ses
1460 1597 1815 1668 expéditeurs
1839 1601 1937 1651 ont
1975 1600 2086 1651 mal‘
2115 1598 2360 1667 compté,
2392 1594 2525 1667 qu’il
2555 1600 2633 1652 lui
2672 1616 2911 1670 manque

1203 1688 1302 1741 des
1321 1689 1641 1757 livraisons,
1671 1703 1814 1758 que,
1846 1688 1984 1741 dans
2005 1704 2093 1741 ses
2121 1688 2440 1759 livraisons,
2474 1690 2515 1741 il-
2531 1705 2772 1760 manque
2799 1697 2911 1778 ul‘e

1205 1795 1466 1851 gravure,
1491 1780 1743 1847 toujours
1770 1780 1820 1831 la
1842 1780 1967 1847 plus
1986 1778 2149 1848 belle,
2172 1794 2235 1831 ce
2262 1780 2399 1831 n’est
2424 1795 2522 1848 pas
2543 1778 2768 1834 évaluer
2787 1784 2910 1850 trop

1207 1872 1343 1923 haut
1369 1885 1431 1922 ee
1457 1869 1661 1922 nouvel
1692 1868 1885 1938 impOt,
1917 1869 2015 1937 qui
2045 1883 2192 1929 vous,
2213 1868 2360 1923 force
2380 1872 2618 1921 souvent
2635 1869 2666 1922 a
2694 1870 2910 1926 décom-
2938 1920 2943 1925 .

1204 1960 1379 2029 pléter
1397 1959 1496 2011 des
1517 1958 1807 2011 livraisons
1827 1958 2088 2028 entiéres,
2112 1974 2223 2027 que
2245 1956 2316 2011 de
2344 1959 2394 2011 le
2415 1962 2605 2026 porter
2627 1959 2660 2012 a
2679 1961 2712 2014 9
2736 1976 2791 2028 p.
2821 1964 2901 2031 °/..

1206 2049 1261 2104 Si
1290 2050 1395 2102 l’on
1430 2065 1466 2117 y
1494 2050 1697 2117 ajoute'
1718 2050 1795 2101 les
1834 2047 2031 2101 envois
2054 2047 2262 2116 perdus
2298 2048 2353 2099 et
2390 2048 2469 2100 les
2504 2039 2753 2117 retours,
2784 2064 2910 2102 sans

1201 2143 1448 2208 compter
1468 2127 1546 2192 les
1561 2138 1796 2206 avaries,
1814 2141 1920 2191 etc.
1932 2178 1946 2206 ,
1973 2137 2009 2191 it
2030 2138 2167 2190 n’est
2186 2150 2283 2204 pas
2306 2150 2433 2189 rare
2451 2153 2565 2206 que
2585 2138 2666 2190 les
2682 2137 2910 2206 charges

1199 2229 1270 2282 de
1297 2228 1550 2281 l’éditeur
1574 2227 1824 2285 arrivent
1849 2227 1879 2280 a
1902 2227 1976 2281 80
1994 2243 2052 2295 p.
2083 2230 2161 2298 °/.,.
2176 2225 2327 2279 Nous
2356 2242 2425 2278 en
2447 2226 2670 2296 parlons
2693 2242 2796 2295 par
2816 2243 2909 2281 ex-

1201 2317 1480 2388 périence,
1502 2333 1667 2386 parce
1692 2332 1805 2386 que
1825 2332 1916 2370 ces
1942 2315 2309 2385 propositions
2325 2316 2630 2387 juda’iques
2650 2332 2792 2371 nous
2811 2322 2908 2371 ont

1201 2406 1289 2461 été
1315 2406 1501 2478 faites,
1544 2411 1600 2461 et
1623 2407 1758 2476 qu’il
1781 2422 1923 2461 nous
1952 2422 2021 2460 en
2057 2422 2089 2460 a
2116 2404 2233 2460 cuit
2266 2405 2337 2459 de
2376 2406 2454 2460 les
2489 2405 2647 2460 avoir
2676 2413 2907 2477 re‘pous-

1205 2496 1345 2551 sees.

1276 2586 1441 2655 Mais,
1472 2585 1740 2638 dira-t-on
1755 2625 1770 2653 ,
1809 2584 2084 2653 pourquoi
2116 2598 2258 2638 vous
2285 2600 2321 2653 y
2349 2585 2691 2638 soumettre?
2710 2585 2901 2640 Hélas!

1200 2676 1329 2731 c’est
1348 2674 1510 2744 qu’ils
1538 2690 1678 2727 vous
1707 2676 2024 2743 menacent,
2064 2689 2155 2726 ces
2188 2674 2327 2727 bons
2354 2673 2635 2743 Iibraires,
2675 2675 2720 2728 si
2749 2676 2908 2730 obsé—

1199 2765 1410 2836 quieux
1429 2762 1713 2833 autrefois,
1740 2763 1810 2816 de
1826 2767 1903 2817 'ne
1924 2778 2021 2831 pas
2042 2762 2178 2816 faire
2198 2765 2483 2816 connaitre
2504 2779 2602 2817 vos
2624 2765 2810 2835 livres,
2835 2766 2905 2819 de

1198 2857 1277 2908 les
1303 2855 1529 2907 exclure
1553 2853 1623 2906 de
1661 2853 1785 2905 leur
1821 2853 2104 2920 catalogue
2134 2856 2189 2905 et
2214 2851 2284 2906 de
2312 2852 2434 2906 leur
2465 2852 2699 2923 vitrine,
2730 2855 2801 2908 de
2827 2856 2905 2908 les

1198 2943 1506 3013 déprécier,
1522 2946 1598 3011 et,
1621 2958 1694 2995 au
1720 2940 1935 3011 besoin,
1951 2941 2021 2996 de
2042 2942 2318 3011 répondre
2339 2958 2451 2996 aux
2477 2944 2763 3014 pratiques
2790 2960 2910 3014 que
2947 3013 2955 3020 ’

1200 3033 1442 3088 i’éditi‘on
1472 3035 1555 3086 est
1582 3030 1835 3101 épuisée,
1856 3032 2062 3100 quand
2090 3047 2188 3085 vos
2214 3029 2464 3101 greniers
2494 3035 2747 3087 croulent
2774 3050 2905 3088 sous

1199 3125 1349 3177 tears
1376 3137 1581 3176 masses
1609 3120 1888 3190 empilées.

1275 3213 1365 3267 Un
1390 3212 1610 3266 éditeur
1635 3209 1733 3280 qui
1763 3225 1833 3263 ne
1865 3209 2050 3263 ﬂéchit
2080 3226 2178 3278 pas
2206 3212 2257 3265 le
2283 3227 2464 3281 genou
2492 3212 2699 3266 devant
2735 3215 2814 3266 les
2839 3213 2903 3266 li—

1197 3302 1409 3357 braires
1430 3308 1487 3355 n°
1524 3300 1549 3354 4
1594 3304 1678 3353 est
1708 3315 1786 3352 un
1817 3300 2037 3353 homme
2067 3300 2195 3353 bien
2225 3300 2460 3356 malade.
2499 3300 2588 3356 S’il
2612 3317 2669 3355 se
2697 3303 2767 3355 ﬁe
2788 3318 2903 3356 aux

1199 3391 1450 3446 libraires
1469 3396 1528 3443 n"
1546 3390 1604 3460 2,
1629 3389 1757 3443 e’est
1777 3404 1855 3443 un
1877 3390 2097 3442 homme
2126 3394 2293 3444 mort.

1272 3481 1423 3535 Nous
1458 3495 1629 3555 avons
1665 3495 1743 3534 vu
1771 3478 1903 3548 qu’il
1935 3494 2005 3531 ne
2033 3480 2224 3533 restait
2250 3481 2425 3549 guere
2451 3480 2483 3534 a
2509 3479 2764 3533 l’éditeur
2789 3495 2904 3549 que

1196 3572 1270 3625 20
1297 3587 1353 3639 p.
1376 3571 1437 3639 “Io
1456 3570 1621 3623 d’une
1642 3568 1848 3621 edition
1875 3567 1972 3636 qui
1995 3567 2072 3621 lui
2093 3584 2125 3621 a
2143 3569 2543 3623 certainement
2569 3569 2732 3623 come
2752 3570 2824 3622 25
2847 3573 2902 3622 et

1195 3661 1271 3715 '50
1299 3676 1355 3728 p.
1382 3663 1444 3731 °/.,
1471 3658 1503 3712 a
1533 3658 1750 3712 établir.
1785 3657 2075 3713 Comment
2101 3674 2171 3711 ne
2202 3674 2260 3712 se
2288 3657 2622 3713 ruinerait-il
2654 3673 2752 3726 pas
2777 3657 2810 3711 5
2839 3674 2901 3711 ce

1155 3811 1158 3814 .
1195 3746 1416 3817 métier,
1444 3750 1668 3801 surtout
1704 3745 1895 3816 quand
1923 3746 1974 3800 la
2010 3762 2137 3801 race
2174 3747 2271 3801 des
2309 3746 2588 3801 débitants
2622 3747 2694 3800 dc
2729 3746 2905 3801 livres

1194 3839 1319 3890 s'est
1347 3835 1650 3905 multipliée
1687 3851 1814 3890 sans
1850 3839 2139 3906 entraves,
2188 3836 2378 3906 quand
2414 3852 2487 3891 on
2519 3835 2728 3905 n’exige
2766 3836 2902 3889 d'un

1194 3924 1445 3993 Iibraire,
1478 3924 1534 3976 ni
1565 3924 1894 3978 instruction
1919 3925 2180 3995 primaire
2202 3967 2216 3996 ,
2244 3926 2299 3980 ni
2329 3927 2510 3980 méme
2535 3942 2616 3979 un
2636 3925 2904 3981 certificat

1193 4015 1262 4067 de
1284 4013 1570 4070 moralité?
