4131 5847
1864 1114 1937 1124 -—
1979 1084 2091 1142 546
2133 1115 2206 1124 —

1302 1292 1706 1364 Transports
1730 1292 1812 1343 de
1837 1276 1902 1344 in
1922 1291 2230 1346 llbralrle
2254 1303 2379 1355 par
2398 1293 2502 1348 I”
2528 1296 2774 1354 pol-ten.

1152 1522 1169 1537 '
1258 1503 1501 1562 Serait-il
1537 1504 1665 1574 plus
1699 1503 1925 1558 difﬂcile
1964 1503 2034 1557 de
2069 1505 2334 1556 remettre
2374 1518 2453 1557 un
2493 1504 2636 1561 livre
2672 1508 2883 1575 qu’une

1180 1598 1341 1651 lettre
1369 1594 1401 1648 £1
1421 1593 1696 1662 domicile,
1729 1595 1785 1647 et
1805 1592 1929 1646 d’en
1957 1593 2191 1646 toucher
2209 1593 2260 1645 la
2285 1593 2484 1647 valeur
2509 1610 2621 1664 que
2640 1594 2691 1649 le
2717 1596 2882 1664 port?

1182 1684 1304 1739 Non
1327 1681 1729 1736 certainement
1757 1681 1996 1750 puisque
2031 1682 2149 1735 cela
2184 1697 2244 1734 se
2273 1682 2370 1738 fait
2404 1682 2529 1752 déjé
2564 1699 2634 1737 en
2671 1684 2879 1755 partie;

1181 1775 1250 1827 eh
1279 1772 1439 1826 bien!
1462 1787 1576 1840 que
1593 1772 1709 1824 cela
1727 1786 1788 1824 se
1817 1770 1959 1824 fasse
1975 1786 2047 1824 en
2067 1770 2247 1824 entier
2264 1811 2280 1841 ,
2312 1773 2364 1824 le
2383 1778 2825 1840 gouvernement
2849 1790 2887 1844 y
2942 1790 2944 1792 '

1179 1860 1465 1931 gagnerait
1482 1860 1581 1914 des
1603 1859 1840 1913 millions
1861 1874 1931 1913 en
1952 1863 2190 1914 sauvant
2214 1861 2265 1914 la
2294 1860 2562 1930 librairie,
2593 1877 2662 1915 en
2691 1861 2890 1932 répan-

1179 1954 1316 2007 dant
1342 1953 1420 2005 les
1457 1950 1721 2004 lumiéres
1748 1954 1804 2004 et
1839 1965 1909 2003 en
1937 1950 2225 2004 réduisant
2253 1952 2303 2003 le
2330 1950 2456 2020 prix
2489 1951 2587 2007 des
2622 1951 2792 2005 livres
2817 1952 2887 2010 dc

1177 2039 1387 2094 moitié.
2467 2098 2472 2104 .
2727 2032 2735 2038 .

1252 2128 1407 2185 Voici
1430 2129 1481 2182 le
1507 2129 1635 2199 plan
1662 2143 1777 2197 que
1806 2143 1949 2182 nous
1966 2143 2140 2182 avons
2167 2128 2378 2183 soumis
2409 2128 2440 2183 é
2467 2127 2627 2184 notre
2651 2145 2888 2199 gouver-

1177 2220 1422 2288 nement,
1450 2218 1552 2288 qui
1580 2220 1665 2271 est
1691 2232 1790 2271 sur
1820 2218 1870 2271 le
1910 2217 2067 2287 point
2106 2218 2177 2271 de
2213 2218 2500 2287 l’adOpter,
2538 2221 2764 2276 surtout
2789 2218 2883 2272 de-

1175 2308 1302 2379 puis
1319 2323 1435 2377 que
1455 2308 1506 2361 la
1531 2310 1687 2377 poste
1709 2323 1767 2360 se
1794 2312 1910 2360 sert
1934 2307 2034 2361 des
2053 2303 2300 2361 Chemins
2322 2307 2393 2360 de
2417 2308 2520 2360 fer.

1252 2398 1432 2452 Toute
1457 2413 1735 2467 personne
1759 2397 1860 2466 qui
1889 2397 2072 2451 désire
2100 2413 2178 2450 un
2204 2397 2347 2450 livre
2374 2396 2523 2450 édité
2549 2397 2689 2450 dans
2717 2398 2768 2450 la
2793 2413 2884 2452 ca-

1173 2488 1340 2558 pitale
1366 2492 1503 2557 pent
1532 2503 1591 2541 se
1621 2487 1910 2557 presenter
1932 2503 2005 2542 au
2042 2487 2259 2541 bureau
2287 2487 2357 2540 de
2383 2490 2539 2556 postc
2563 2487 2635 2540 de
2661 2502 2761 2540 son
2788 2503 2883 2542 en-

1174 2578 1349 2644 droit,
1384 2592 1457 2630 on
1484 2577 1562 2631 lui
1601 2580 1776 2630 remet
1815 2593 1894 2631 un
1920 2577 2183 2646 bulletin,
2221 2592 2320 2630 sur
2347 2577 2529 2645 lequel
2552 2575 2590 2629 il
2611 2575 2805 2629 inscrit
2831 2578 2882 2630 le

1175 2684 1306 2726 nom
1333 2667 1413 2720 du
1437 2658 1582 2721 livre
1609 2668 1743 2737 qu’il
1771 2668 2044 2730 demande
2069 2708 2084 2737 ,
2116 2666 2374 2720 l’adresse
2398 2666 2472 2719 de
2516 2665 2799 2735 l’éditeur,
2830 2668 2882 2719 le

1173 2757 1299 2827 prix
1318 2759 1396 2812 du
1425 2757 1565 2810 livre
1586 2797 1601 2826 ,
1625 2772 1810 2810 connu
1833 2772 1934 2825 par
1954 2757 2031 2809 les
2046 2757 2330 2825 journaux
2357 2760 2412 2809 et
2440 2757 2520 2809 les
2539 2754 2876 2825 catalogues,

1174 2862 1233 2900 sa
1259 2846 1544 2916 signature
1565 2849 1622 2899 et
1639 2861 1739 2899 son
1759 2845 2010 2916 adresse;
2660 2852 2665 2857 '

1246 2935 1322 2990 Ce
1341 2935 1572 2990 bulletin
1594 2938 1677 2989 est
1696 2936 1909 3004 envoyé
1928 2951 2030 3004 par
2047 2934 2364 2989 l’ordinaire
2384 2951 2457 2989 au
2477 2934 2760 2988 directeur
2779 2933 2877 2987 des

1176 3014 1361 3095 postes
1381 3026 1452 3079 de
1472 3027 1523 3079 la
1549 3024 1779 3094 capitale
1807 3024 1905 3094 qui
1937 3024 2035 3079 fait
2061 3024 2305 3094 prendre
2326 3025 2376 3078 le
2401 3024 2543 3079 livre
2569 3024 2703 3079 chez
2730 3022 2879 3077 l’édi-

1173 3118 1323 3184 teur,
1351 3131 1390 3184 y
1411 3114 1556 3184 joint
1585 3116 1635 3168 lc
1665 3114 1900 3168 bulletin
1922 3117 1976 3168 et
1997 3116 2050 3169 le
2069 3114 2295 3168 renvoie
2312 3130 2386 3168 au
2410 3113 2757 3169 demandeur
2781 3108 2881 3182 qui

1171 3206 1222 3259 le
1241 3221 1382 3274 paye
1409 3204 1440 3259 £1
1467 3220 1526 3259 sa
1552 3207 1711 3274 porte
1735 3219 1951 3257 comme
1971 3203 2007 3257 il
2027 3219 2168 3274 paye
2188 3220 2268 3258 un
2295 3207 2422 3272 port
2446 3202 2517 3256 dc
2557 3204 2739 3258 lettre.

1250 3293 1401 3347 Tous
1420 3294 1511 3348 les
1527 3292 1666 3347 mois
1694 3294 1746 3346 la
1767 3297 1922 3361 poste
1949 3292 2100 3362 régle
2121 3294 2200 3346 les
2227 3297 2472 3362 comptes
2489 3291 2589 3347 des
2608 3291 2874 3361 éditeurs,

1172 3382 1269 3451 qui
1295 3385 1549 3436 rentrent
1577 3382 2049 3436 immédiatement
2067 3383 2205 3437 dans
2225 3383 2377 3436 leurs
2397 3382 2558 3435 fonds
2577 3397 2703 3435 sans
2722 3381 2880 3437 avoir

1170 3471 1242 3524 de
1260 3471 1675 3541 banqueroutes
1697 3487 1771 3524 ou
1799 3472 1869 3525 de
1897 3471 2072 3525 sursis
2099 3471 2130 3524 é
2150 3471 2330 3525 subir.
2364 3469 2439 3523 Le
2470 3484 2781 3523 commerce
2806 3469 2877 3522 de

1172 3560 1223 3613 la
1250 3559 1499 3614 librairie
1524 3561 1803 3614 devenant
1838 3576 1917 3614 un
1958 3575 2267 3614 commerce
2294 3559 2440 3615 aussi
2470 3559 2569 3613 sur
2603 3574 2716 3629 que
2756 3562 2879 3614 tout

1171 3651 1353 3718 autre,
1384 3650 1462 3702 les
1490 3648 1821 3719 capitalistes
1849 3649 2260 3704 n’hésiteraient
2286 3650 2413 3719 plus
2442 3648 2474 3702 31
2496 3665 2533 3718 y
2563 3651 2762 3702 mettre
2779 3648 2879 3704 dcs

1170 3737 1352 3792 fonds.
1376 3738 1453 3794 La
1471 3743 1629 3808 poste
1642 3780 1657 3809 ,
1689 3740 1925 3794 retirant
1955 3740 2025 3794 10
2046 3755 2121 3794 on
2145 3740 2213 3794 l5
2238 3757 2295 3809 p.
2327 3754 2377 3792 c.
2409 3738 2487 3793 du
2506 3737 2632 3807 prix
2658 3737 2729 3792 de
2750 3741 2877 3794 tous

1171 3828 1250 3880 les
1266 3827 1437 3883 livres
1464 3817 1662 3899 qu’elle
1681 3829 2125 3900 transporterait,
2140 3828 2302 3884 ferait
2327 3827 2638 3882 d’énormes
2655 3829 2870 3899 proﬁts,

1173 3920 1228 3969 et
1256 3918 1334 3971 les
1371 3917 1619 3974 éditeurs
1647 3924 1704 3975 et
1736 3921 1787 3973 le
1822 3919 2009 3990 public
2035 3921 2086 3975 la
2121 3917 2433 3975 béniraient
2467 3917 2790 3988 par-dcssus
2822 3920 2875 3972 le

1172 4008 1415 4063 marché.
