4131 5847
1894 1082 2235 1134 ~—555—

1213 1215 1282 1268 dc
1312 1213 1666 1267 Ruremonde
1695 1226 1894 1280 cxposa
1920 1226 2049 1264 vers
2079 1211 2247 1280 4825,
2279 1211 2309 1264 a
2336 1212 2387 1264 la
2411 1211 2618 1267 Maison
2639 1213 2737 1268 des
2759 1212 2917 1267 Bras-

1215 1319 1374 1357 seurs
1401 1302 1433 1356 a
1455 1302 1758 1355 Bruxellcs.
2140 1308 2144 1313 ‘
2208 1293 2217 1302 '

1290 1392 1363 1445 M.
1400 1392 1632 1445 Thuvicn
1657 1391 1810 1460 place
1836 1405 1922 1443 ses
1945 1391 2134 1443 lettres
2160 1390 2231 1443 de
2259 1390 2380 1444 bois
2407 1393 2462 1443 et
2484 1406 2572 1444 ses
2598 1390 2800 1446 clichés
2819 1407 2918 1446 sur

1211 1499 1291 1536 .un
1311 1481 1445 1538 fond
1471 1480 1570 1534 uni
1578 1481 1696 1549 ,,les
1724 1478 1925 1533 noircit
1949 1494 2084 1533 avec
2112 1474 2190 1533 un
2209 1480 2388 1548 grand
2407 1479 2658 1549 cylindre
2679 1471 2750 1534 de
2776 1482 2915 1550 géla.

1214 1572 1348 1638 tine,
1380 1575 1436 1624 et
1462 1572 1540 1623 les
1579 1569 1836 1639 imprime
1874 1584 2009 1623 avec
2048 1585 2128 1622 un
2167 1571 2399 1623 rouleau
2438 1569 2508 1623 de
2540 1570 2625 1623 fer
2650 1571 2808 1639 garni
2847 1572 2917 1627 de

1213 1660 1426 1714 ﬂanelle
1440 1679 1455 1728 ;
1487 1662 1611 1713 tout
1629 1659 1745 1712 cela
1767 1661 1850 1711 est
1869 1658 1979 1711 fort
2004 1658 2220 1728 simple,
2246 1662 2301 1712 et
2327 1674 2470 1713 nous
2493 1674 2566 1712 ne
2594 1675 2795 1714 savons
2818 1677 2917 1731 pas

1211 1765 1274 1802 ce
1299 1748 1397 1818 qui
1427 1751 1553 1802 s’est
1589 1747 1793 1818 opposé
1829 1747 1862 1802 a
1887 1747 2182 1818 l’ad0ption
2209 1748 2280 1802 de
2308 1764 2371 1802 ce
2410 1763 2632 1819 moyen,
2674 1765 2745 1803 en
2770 1767 2917 1805 rem-

1210 1839 1520 1908 placcment
1549 1837 1648 1891 des
1680 1853 1895 1907 presses
1929 1837 2269 1908 ordinaires,
2307 1837 2352 1892 si
2389 1853 2452 1891 ce
2499 1838 2635 1892 n’est
2677 1841 2728 1894 la
2764 1842 2916 1909 place

1212 1927 1346 1997 qu’il
1367 1927 1543 1996 exige.
1858 1975 1865 1982 .

1291 2015 1382 2069 Du
1412 2018 1576 2084 reste,
1600 2030 1672 2068 on
1693 2014 1945 2083 pourrait
1969 2014 2236 2069 aisément
2264 2015 2552 2086 imprimer
2577 2016 2675 2070 des
2702 2017 2917 2072 feuilles

1211 2106 1449 2174 grandes
1469 2118 1684 2158 comme
1710 2103 1809 2158 des
1837 2104 2011 2159 tables
2037 2105 2109 2159 de
2134 2106 2364 2175 billard,
2397 2122 2465 2160 en
2493 2106 2819 2177 appliquant
2837 2110 2915 2162 les

1212 2196 1417 2248 formes
1444 2210 1542 2248 sur
1560 2209 1672 2248 une
1692 2196 1893 2264 plaque
1913 2194 1983 2248 de
2003 2195 2154 2249 fonte
2179 2195 2250 2249 de
2279 2198 2422 2249 cette
2449 2195 2794 2267 dimension,
2827 2215 2914 2252 ra-

1212 2284 1372 2338 botée
1391 2300 1492 2353 par
1512 2287 1591 2338 les
1609 2283 1842 2337 doubles
1865 2284 2146 2338 machines
2164 2285 2197 2338 a
2215 2286 2437 2355 planer,
2468 2302 2580 2354 que
2607 2288 2837 2357 possede
2865 2290 2914 2341 le

1210 2374 1424 2427 Phém'a:
1449 2373 1481 2427 a
1509 2372 1689 2428 Gand.
1718 2373 1761 2428 ll
1781 2373 1952 2428 existe
1979 2374 2101 2443 déja
2127 2374 2418 2444 beaucoup
2436 2375 2509 2429 de
2533 2392 2624 2430 ces
2650 2377 2822 2431 tables
2843 2393 2910 2430 on

1212 2464 1559 2533 Angleterre.
2420 2487 2427 2496 ~

1921 2855 2210 2903 Renal-c.

1286 3101 1426 3156 (Zest
1447 3115 1557 3153 une
1584 3099 1726 3153 belle
1750 3100 1913 3152 chose
1939 3099 2146 3168 qu’une
2175 3099 2315 3152 belle
2344 3099 2580 3170 reliure;
2615 3102 2753 3155 mais
2783 3104 2915 3156 c’est

1212 3207 1323 3244 une
1357 3189 1485 3243 folie
1521 3205 1633 3258 que
1670 3189 1741 3242 de
1787 3193 1986 3242 mettre
2021 3189 2135 3242 500
2174 3189 2359 3242 francs
2395 3187 2535 3243 dans
2575 3191 2912 3259 l’enveloppe

1211 3282 1343 3333 d’un
1370 3280 1592 3333 volume
1617 3277 1687 3332 de
1718 3278 1786 3331 45
1817 3277 1913 3347 fr.,
1937 3293 2150 3331 comme
2178 3292 2320 3331 nous
2340 3293 2410 3331 en
2430 3293 2603 3332 avons
2627 3294 2726 3333 vu.
2759 3279 2802 3333 ll
2822 3280 2911 3348 n’y

1210 3368 1377 3437 avait,
1408 3368 1488 3422 du
1515 3371 1661 3420 reste
1677 3407 1691 3433 ,
1722 3366 1844 3420 rien
1873 3366 1944 3420 de
1971 3366 2342 3422 fondamental
2363 3382 2432 3433 en
2455 3366 2553 3421 fait
2570 3367 2641 3421 de
2668 3367 2904 3436 reliure,

1209 3473 1306 3528 pas
1326 3458 1504 3511 méme
1525 3453 1845 3509 l’invention
1872 3455 2002 3509 faite
2029 3455 2060 3508 a
2081 3455 2297 3512 Vienne
2316 3456 2388 3509 de
2406 3457 2457 3510 la
2479 3457 2686 3511 reliure
2709 3472 2777 3511 en
2799 3461 2907 3512 tele

1209 3547 1506 3616 estampée,
1531 3545 1587 3599 ni
1609 3547 1742 3599 celle
1764 3546 1897 3599 d’un
1918 3544 2139 3614 general
2167 3544 2485 3614 bibliOphile
2514 3546 2584 3599 de
2611 3549 2770 3601 notre
2789 3563 2908 3602 con-

1209 3637 1511 3705 naissance,
1536 3635 1633 3705 qui
1655 3634 1891 3689 consiste
1913 3651 1982 3688 en
2002 3635 2150 3688 deux
2170 3635 2384 3689 feuilles
2404 3636 2474 3690 de
2494 3637 2696 3706 plaqué'
2713 3626 2909 3693 collécs

1207 3728 1237 3780 a
1263 3726 1535 3780 contre—ﬁl
1563 3729 1619 3779 et
1640 3725 1955 3779 réunissant
1980 3726 2031 3778 la
2058 3725 2297 3793 légéreté
2317 3725 2349 3778 a
2375 3727 2424 3779 la
2453 3726 2688 3781 solidité.

1283 3816 1355 3870 La
1382 3817 1532 3869 seule
1569 3816 1734 3868 chose
1770 3813 2157 3883 remarquable
2186 3818 2268 3867 est
2295 3816 2346 3868 la
2379 3816 2585 3869 reliure
2614 3832 2685 3870 au
2718 3822 2905 3869 caout-

1204 3907 1382 3959 chouc
1411 3904 1680 3973 importée
1704 3904 2083 3973 d’Angleterre
2110 3903 2210 3972 qui
2237 3902 2522 3973 sup'prime
2550 3906 2600 3958 la
2636 3909 2898 3972 couture;

1202 3995 1345 4048 voici
1374 3998 1650 4047 comment
1677 4008 1817 4047 nous
1844 3995 2049 4047 l’avons
2069 4009 2145 4047 vu
2173 3992 2462 4062 appliquer
2489 4013 2501 4045 :

2449 4110 2451 4112 ,
2611 4081 2684 4122 25*
