4131 5847
1884 1088 1958 1097 —
2001 1055 2106 1112 554
2154 1084 2253 1097 —'

1198 1188 1336 1253 tion;
1367 1202 1445 1240 un
1470 1187 1626 1257 signe
1657 1185 1880 1257 pour'la
1908 1191 2037 1242 voix
2075 1189 2244 1243 halite
2267 1183 2360 1258 A,
2404 1198 2480 1245 an
2520 1202 2664 1259 pour
2695 1192 2746 1244 la
2781 1189 2910 1243 voix

1202 1276 1365 1330 basse
1391 1319 1486 1350 V,
1513 1281 1621 1331 etc.
1898 1271 1910 1280 '
2056 1335 2058 1337 _
2676 1283 2686 1294 ‘

1271 1367 1423 1421 Nous
1441 1378 1745 1437 preposons
1769 1368 1839 1422 de
1867 1367 2046 1419 meme
2072 1366 2104 1420 a
2129 1364 2462 1433 l’Académie
2479 1367 2577 1436 qui
2598 1381 2721 1423 sera
2748 1369 2906 1422 char.

1196 1455 1296 1523 gee
1315 1456 1388 1509 de
1404 1458 1548 1509 cette
1568 1456 1828 1525 réforme,
1851 1452 2085 1523 l’emploi
2114 1455 2245 1508 d’un
2274 1455 2405 1509 tiret
2423 1468 2569 1526 pour
2587 1457 2640 1510 le
2659 1455 2904 1527 premier

1197 1544 1602 1599 interloeuteur
1625 1572 1727 1615 ~,
1761 1544 1834 1598 de
1859 1544 2010 1598 deux
2047 1543 2207 1598 tirets
2233 1558 2377 1613 pour
2399 1533 2453 1599 'le
2482 1546 2687 1600 second
2720 1573 2817 1616 2:,
2849 1550 2905 1600 et

1198 1635 1268 1688 de
1305 1634 1441 1688 trois
1475 1633 1632 1688 tirets
1673 1647 1817 1703 pour
1855 1636 1906 1688 le
1943 1633 2334 1705 troisiemez-s;
2375 1636 2445 1689 de
2481 1637 2532 1689 la
2559 1640 2708 1689 sorte
2743 1636 2781 1689 il
2819 1637 2909 1705 n’y

1198 1738 1336 1778 aura
1362 1738 1460 1793 pas
1512 1724 1585 1778 de
1627 1724 1865 1793 méprise
1891 1725 2031 1778 dans
2057 1726 2136 1778 les
2169 1724 2457 1794 dialogues
2492 1729 2615 1780 tout
2643 1740 2713 1779 en
2753 1726 2904 1796 épar-

1196 1818 1369 1882 gnant
1388 1815 1437 1867 la
1459 1813 1755 1883 repetition
1774 1813 1854 1867 du
1882 1825 2013 1867 nom
2034 1813 2132 1867 des
2159 1813 2632 1872 interlocuteurs._

1273 1902 1426 1957 Nous
1444 1906 1762 1972 ajouterons
1789 1903 1922 1973 qu"il
1950 1905 2034 1956 est
2059 1902 2130 1955 de
2157 1906 2311 1981 toute
2333 1903 2602 1957 nécessité
2621 1902 2908 1973 d’adopter

1197 1992 1399 2060 l’usage
1420 1994 1678 2063 espagnol
1693 2033 1709 2063 ,
1734 1993 1805 2047 de
1827 1995 2014 2063 placer
2039 1992 2117 2046 les
2137 1992 2320 2062 points
2340 1987 2635 2062 expressifs
2654 1997 2825 2048 avant
2848 1998 2906 2048 et

1195 2081 1356 2150 aprés
1383 2082 1433 2134 la
1463 2082 1694 2151 phrase,
1736 2082 1807 2136 de
1847 2081 2092 2135 maniere
2128 2080 2159 2133 £1
2194 2081 2456 2150 indiquer
2489 2098 2562 2136 au
2598 2082 2810 2137 lecteur
2851 2086 2903 2138 le

1195 2181 1324 2224 sens
1340 2169 1411 2225 de
1437 2167 1782 2231 l’intonation
1801 2170 1934 2240 qu’il
1962 2167 2083 2223 doit
2099 2170 2365 2238 prend‘re.

1227 2266 1231 2269 ‘
1269 2259 1481 2330 Quatre
1526 2255 1707 2329 signes
1760 2267 2057 2314 nouveaux
2111 2259 2475 2329 susceptibles
2525 2259 2597 2313 de
2648 2262 2902 2316 recevoir

1194 2353 1395 2419 quatre
1447 2344 1715 2420 positions
1750 2345 2101 2418 différentes,
2138 2349 2351 2418 ajontés
2387 2349 2425 2426 Ta,
2458 2351 2510 2403 la
2546 2362 2728 2420 casse,
2788 2352 2904 2405 suf-

1191 2439 1411 2493 ﬁraient
1459 2452 1605 2513 pour
1650 2438 1933 2508 exprimel‘
1979 2437 2123 2492 seize
2178 2438 2504 2493 sentiments
2530 2485 2534 2489 .
2559 2439 2893 2510 génériques

1195 2528 1334 2582 dans
1377 2529 1617 2598 lesquels
1641 2523 1997 2580 viendraient
2038 2540 2100 2581 se
2133 2528 2440 2582 confondre
2467 2530 2619 2583 leurs
2654 2529 2904 2583 diverses

1199 2629 1462 2672 nuances.
2716 2661 2722 2669 .

1274 2705 1330 2762 8i
1369 2709 1530 2760 notre
1568 2707 1827 2777 alphabet
1865 2707 1961 2760 eat
1998 2706 2089 2760 été
2130 2717 2309 2774 coneu
2357 2707 2482 2775 plus
2529 2707 2905 2777 logiquement

1195 2796 1329 2865 qu’il
1372 2808 1442 2850 ne
1486 2796 1603 2849 l’est
1619 2837 1634 2866 ,
1688 2797 1905 2866 chaque
1947 2795 2111 2853 lettre
2156 2810 2230 2871 en
2272 2796 2455 2850 aurait
2496 2808 2575 2866 pu
2623 2797 2902 2867 eXprimer

1195 2888 1415 2957 quatre,
1446 2887 1599 2939 selon
1625 2901 1684 2939 sa
1711 2886 1947 2955 position
1963 2926 1978 2954 ,
2009 2886 2080 2939 de
2106 2887 2254 2938 sorte
2279 2885 2414 2954 qu’il
2444 2885 2540 2939 eut
2566 2886 2696 2938 sufﬁ
2723 2886 2795 2939 de
2817 2887 2902 2941 six

1197 2974 1502 3029 caractéres
1544 2987 1656 3028 aux
1689 2975 2046 3045 imprimeurs
2089 2987 2234 3043 pour
2281 2988 2566 3054 composer
2607 2990 2691 3028 un
2730 2974 2898 3046 livre,
2949 3026 2952 3030 .

1198 3078 1341 3120 nous
1364 3077 1433 3118 en
1459 3077 1632 3118 avons
1650 3062 1945 3134 ‘l’exemple
1971 3064 2109 3123 dans
2135 3066 2188 3118 le
2214 3063 2245 3117 b
2271 3063 2369 3133 qui
2404 3079 2465 3118 se
2502 3064 2714 3133 change
2739 3081 2810 3119 en
2836 3067 2874 3119 d
2878 3103 2901 3133 ,

1198 3171 1267 3209 en
1281 3172 1321 3223 p
1345 3170 1420 3208 on
1442 3164 1512 3208 en
1539 3170 1589 3223 q,
1612 3155 1765 3208 selon
1785 3168 1844 3208 sa
1864 3153 2132 3224 position;
2166 3154 2306 3208 dam
2335 3154 2411 3207 l’n
2427 3153 2526 3223 qui
2546 3153 2775 3207 devient
2789 3171 2828 3207 u
2848 3158 2904 3208 et

1197 3244 1296 3313 qui
1323 3243 1576 3315 pourrait
1612 3243 1790 3297 valoir
1825 3242 1975 3296 deux
2009 3246 2199 3297 autres
2238 3245 2458 3312 lettres,
2496 3258 2569 3296 en
2606 3244 2657 3296 le
2684 3245 2903 3313 plaeant

1196 3344 1410 3388 comme
1438 3334 1475 3387 il
1509 3333 1623 3387 suit
1662 3347 1699 3386 a
1738 3345 1815 3402 :8;
1846 3333 1902 3386 Pi
1926 3332 2209 3403 pourrait,
2240 3332 2395 3386 étant
2420 3332 2714 3402 renversé,
2754 3333 2902 3390 tenir

1197 3424 1308 3478 lieu
1334 3423 1412 3477 du
1429 3425 1481 3492 j,
1506 3426 1612 3477 etc.
1698 3487 1705 3491 _

1272 3510 1355 3567 En
1381 3512 1526 3567 voile
1551 3512 1953 3566 sufﬁsamment
1985 3522 2131 3579 pour
2167 3511 2371 3564 mettre
2394 3512 2473 3564 les
2499 3513 2783 3564 amateurs
2800 3520 2901 3564 Sur

1195 3604 1246 3656 la
1272 3603 1397 3656 voie
1423 3602 1493 3656 de
1529 3603 1581 3656 la
1610 3602 1850 3655 réform‘e
1871 3599 2324 3669 typographlque
2354 3614 2469 3670 que
2494 3615 2637 3653 nous
2664 3612 2900 3668 crayons

1195 3692 1432 3760 possible
1454 3691 1509 3745 et
1534 3687 1827 3745 desirable.
1852 3688 2022 3743 Notre
2049 3689 2292 3758 systeme
2315 3689 2615 3743 d’écriture
2634 3692 2721 3743 est
2740 3689 2900 3748 néan:

1197 3782 1376 3835 moins
1404 3781 1692 3849 beaucoup
1723 3781 1853 3848 plus
1879 3778 2075 3847 simple
2101 3792 2214 3848 que
2243 3779 2386 3833 celui
2425 3780 2525 3833 des
2559 3778 2812 3848 Chinois,
2845 3782 2901 3832 et

1195 3872 1387 3941 quand
1407 3887 1507 3925 nos
1527 3882 1798 3941 graveurs
1817 3870 1967 3922 n’ont
1986 3880 2096 3938 que
2117 3870 2270 3923 leurs
2289 3868 2364 3923 24
2383 3869 2672 3940 poineons,
2684 3871 2763 3923 les
2779 3867 2901 3923 Chi-

1200 3962 1319 4015 nois
1339 3975 1411 4016 en
1429 3966 1527 4016 out
1548 3961 1785 4032 55,000,
1808 3973 1919 4028 que
1940 3957 2017 4012 M.
2040 3956 2348 4014 Marshman
2365 3961 2618 4015 a-trouvé
2632 3962 2897 4028 le'moyen

2510 4053 2515 4072 I
