4131 5847
1901 1086 1985 1118 --‘
2011 1078 2123 1132 554
2165 1109 2235 1118 —

1215 1211 1290 1265 50
1317 1226 1373 1279 p.
1408 1225 1458 1263 c.
1491 1225 1591 1263 sur
1619 1210 1749 1263 500.
1782 1208 1918 1263 Mais
1938 1208 1975 1262 il
1997 1213 2078 1263 est
2105 1208 2369 1278 probable
2389 1226 2500 1279 que
2521 1226 2666 1280 pour
2693 1211 2764 1265 25
2786 1211 2817 1265 a
2843 1214 2914 1265 50

1213 1297 1594 1368 exemplaires,
1622 1297 1939 1351 l’économie
1959 1314 2018 1351 se
2040 1297 2226 1352 réduit
2247 1298 2279 1352 a
2298 1294 2460 1352 rien.’

1287 1386 1440 1443 Nous
1459 1387 1651 1443 avions
1676 1403 1777 1441 cru
1806 1403 1918 1457 que
1944 1386 2381 1457 la'lithographie
2403 1388 2536 1443 était
2561 1391 2687 1459 plus
2714 1406 2914 1444 conve-

1212 1477 1376 1532 nable
1400 1493 1512 1547 que
1541 1479 1590 1531 la
1616 1491 1856 1546 gravure
1876 1491 1976 1530 sur
2009 1476 2155 1531 étain
2185 1492 2328 1547 pour
2358 1474 2412 1532 la'
2430 1478 2710 1549 musique,
2735 1480 2914 1534 c’était

1214 1583 1327 1622 une
1364 1563 1598 1621 illusion'
1632 1567 1768 1620 dont
1812 1582 1954 1620 nous
1990 1581 2228 1621 sommes
2264 1583 2474 1622 revenu
2515 1568 2645 1623 bien
2682 1569 2829 1639 Vite;
2865 1571 2912 1623 la

1211 1672 1376 1711 cause
1404 1672 1474 1710 on
1494 1661 1576 1710 est
1600 1672 1712 1726 que
1730 1657 1780 1709 le
1800 1672 2043 1726 graveur
2069 1673 2100 1711 a
2127 1672 2212 1711 ses
2240 1660 2416 1728 notes,
2440 1674 2526 1712 ses
2546 1660 2736 1712 lettres
2751 1663 2806 1713 et
2825 1675 2913 1713 ses

1209 1747 1391 1816 signes
1417 1746 1772 1815 poinconnés,
1818 1750 1873 1801 et
1910 1747 2042 1817 qu’il
2082 1763 2114 1801 a
2153 1748 2332 1815 plutét
2358 1747 2457 1801 fait
2480 1748 2550 1802 de
2579 1747 2795 1802 donner
2834 1765 2912 1803 un

1208 1853 1352 1907 coup
1379 1837 1447 1890 de
1476 1840 1728 1891 marteau
1757 1853 1901 1906 pour
1930 1838 2008 1890 les
2047 1837 2309 1890 enfoncer
2334 1836 2473 1891 dans
2507 1836 2689 1892 l’étain
2715 1854 2826 1908 que
2865 1841 2915 1892 lo

1214 1926 1559 1996 lithographe
1584 1942 1728 1997 pour
1754 1927 2006 1981 dessiner
2035 1928 2252 1996 chaque
2290 1928 2402 1981 téte
2430 1926 2501 1981 de
2535 1931 2664 1981 note
2699 1933 2755 1983 et
2787 1930 2915 1983 cha-

1209 2032 1320 2087 que
1341 2016 1620 2071 caractére
1648 2016 1679 2070 a
1717 2017 1767 2070 la
1795 2016 1965 2070 main.
2007 2016 2076 2070 Et
2112 2016 2236 2085 puis
2265 2016 2315 2069 la
2344 2017 2575 2085 planche
2604 2016 2804 2072 d’étain
2832 2023 2915 2072 est

1207 2107 1332 2175 plus
1353 2105 1509 2159 facile
1531 2105 1564 2160 a
1591 2120 1890 2159 conserver
1909 2120 1978 2158 en
2008 2105 2254 2174 magasin
2280 2121 2392 2174 que
2420 2107 2497 2159 les
2516 2106 2747 2175 pierres.

1283 2194 1358 2248 M.
1393 2196 1600 2259 Basset,
1624 2193 1696 2248 de
1717 2192 1910 2263 Dijon,
1942 2209 1973 2247 a
1994 2193 2140 2248 aussi
2163 2194 2363 2263 exposé
2389 2194 2459 2247 de
2487 2196 2536 2248 la
2556 2194 2813 2264 musique
2841 2211 2910 2249 en
2957 2182 2964 2188 '

1209 2282 1518 2337 caractéres
1545 2282 1776 2336 mobiles
1797 2282 1963 2337 d’une
1991 2281 2274 2336 trés—belle
2294 2299 2621 2352 apparence.

1282 2371 1357 2425 M.
1394 2370 1713 2424 Bauerkeller
1729 2388 1761 2426 a
1781 2371 2016 2442 importé
2034 2371 2404 2441 d’Allemagne
2424 2371 2521 2425 des
2548 2371 2812 2442 procédés
2839 2371 2910 2424 dc

1209 2461 1707 2532 lithotypographie
1724 2462 1821 2532 qui
1844 2462 1921 2516 lui
1944 2461 2367 2532 appartiennent
2385 2478 2530 2532 pour
2549 2462 2908 2532 l’impression

1206 2552 1304 2604 dcs
1325 2553 1480 2620 plans
1507 2551 1577 2604 de
1604 2551 1732 2606 ville
1754 2569 1822 2605 en
1845 2552 2020 2618 relief,
2049 2553 2182 2606 d’un
2210 2552 2460 2607 trés-bon
2481 2553 2627 2606 effet.

1961 2776 2173 2783 ——

1486 2973 1895 3033 Impression
1920 2974 2002 3022 the
2024 2974 2313 3041 granules
2337 2975 2623 3023 amches.

1279 3192 1321 3246 ll
1349 3209 1385 3261 y
1415 3210 1446 3246 a
1476 3194 1747 3262 quelques
1774 3193 1979 3247 années
2004 3209 2116 3262 que
2145 3195 2222 3247 les
2253 3195 2621 3263 typographes
2654 3194 2722 3247 de
2753 3194 2906 3248 Paris

1203 3284 1393 3336 furent
1414 3282 1517 3335 mis
1535 3297 1647 3336 aux
1674 3281 1900 3351 champs
1927 3298 2028 3352 par
2048 3282 2306 3351 ljafﬁxion
2326 3284 2635 3337 d’énormes
2656 3285 2905 3352 placards

1204 3371 1486 3441 imprimés
1514 3372 1647 3425 d’un
1674 3372 1793 3425 seul
1824 3387 1987 3442 coup.
2022 3371 2219 3441 Didot,
2262 3372 2360 3443 qui
2390 3373 2665 3443 possédait
2703 3374 2754 3427 la
2782 3376 2906 3443 plus

1201 3461 1410 3530 grande
1452 3476 1641 3531 presse
1693 3476 1941 3530 connue,
1998 3461 2185 3516 n’était
2225 3465 2398 3532 qu’un
2442 3462 2571 3517 nain
2612 3462 2644 3516 a
2678 3463 2799 3516 cOté
2836 3463 2905 3516 de

1203 3551 1276 3604 M.
1310 3552 1562 3618 Thum'en,
1593 3551 1642 3604 le
1665 3550 1800 3605 titan
1822 3551 1892 3605 de
1913 3551 1964 3605 la
1991 3567 2207 3621 presse,
2232 3553 2329 3622 qui
2358 3552 2571 3608 cachait
2590 3541 2901 3622 soigneuse-

1202 3645 1355 3694 ment
1373 3656 1472 3693 son
1500 3640 1758 3709 procédé.

1275 3730 1426 3784 Nous
1464 3731 1831 3784 reconnumes
1857 3730 1987 3783 bien
2018 3731 2130 3785 Vite
2158 3747 2270 3801 que
2297 3746 2387 3784 ces
2413 3731 2637 3784 afﬁches
2667 3746 2737 3784 ne
2767 3746 2904 3800 pou-

1202 3819 1389 3873 vaient
1409 3822 1527 3873 etre
1548 3819 1867 3889 imprimées
1886 3836 1999 3889 que
2018 3836 2120 3890 par
2140 3821 2190 3875 le
2212 3836 2411 3890 moyen
2431 3821 2563 3874 d’un
2586 3821 2764 3890 grand
2783 3836 2902 3877 rou-

1169 3911 1171 3915 '
1202 3911 1323 3963 leau
1355 3910 1643 3964 marchant
1669 3909 1968 3964 librement
1996 3927 2096 3964 sur
2123 3927 2235 3965 une
2262 3906 2438 3965 forme
2476 3910 2771 3981 appliquée
2805 3926 2903 3964 sur

1202 4014 1312 4052 une
1333 3998 1525 4068 espéce
1544 4000 1615 4053 de
1636 3999 1781 4053 table
1807 3999 1878 4053 de
1905 4000 2124 4070 billard,
2149 4000 2435 4055 invention
2459 4002 2632 4070 qu’un
2654 4000 2904 4055 habitant
