<?xml version="1.0" encoding="UTF-8"?>
<PcGts xmlns="http://schema.primaresearch.org/PAGE/gts/pagecontent/2013-07-15" xmlns:xsi="http://www.w3.org/2001/XMLSchema-instance" xsi:schemaLocation="http://schema.primaresearch.org/PAGE/gts/pagecontent/2013-07-15 http://schema.primaresearch.org/PAGE/gts/pagecontent/2013-07-15/pagecontent.xsd">
	<Metadata>
	<Creator></Creator>
	<Created>2016-08-04T14:55:31</Created>
	<LastChange>2016-08-04T14:55:31</LastChange></Metadata>
	<Page imageFilename="p342.png" imageWidth="4131" imageHeight="5847">
	<TextRegion id="r1" type="paragraph">
	<Coords points="2025,1094 2098,1094 2098,1095 2140,1095 2140,1114 2254,1114 2254,1135 2140,1135 2140,1151 2098,1151 2098,1154 2025,1154 2025,1137 1909,1137 1909,1123 2025,1123"/>
	<TextLine id="l2">
	<Coords points="2025,1094 2098,1094 2098,1095 2140,1095 2140,1114 2254,1114 2254,1135 2140,1135 2140,1151 2098,1151 2098,1154 2025,1154 2025,1137 1909,1137 1909,1123 2025,1123"/>
	<Word id="w3">
	<Coords points="2025,1094 2098,1094 2098,1095 2140,1095 2140,1114 2254,1114 2254,1135 2140,1135 2140,1151 2098,1151 2098,1154 2025,1154 2025,1137 1909,1137 1909,1123 2025,1123"/>
	<Glyph id="c4">
	<Coords points="1909,1123 1985,1123 1985,1137 1909,1137"/>
	<TextEquiv>
	<Unicode>~</Unicode></TextEquiv></Glyph>
	<Glyph id="c5">
	<Coords points="2025,1094 2060,1094 2060,1154 2025,1154"/>
	<TextEquiv>
	<Unicode>3</Unicode></TextEquiv></Glyph>
	<Glyph id="c6">
	<Coords points="2065,1094 2098,1094 2098,1154 2065,1154"/>
	<TextEquiv>
	<Unicode>4</Unicode></TextEquiv></Glyph>
	<Glyph id="c7">
	<Coords points="2105,1095 2140,1095 2140,1151 2105,1151"/>
	<TextEquiv>
	<Unicode>2</Unicode></TextEquiv></Glyph>
	<Glyph id="c8">
	<Coords points="2179,1114 2254,1114 2254,1135 2179,1135"/>
	<TextEquiv>
	<Unicode>—</Unicode></TextEquiv></Glyph>
	<TextEquiv>
	<Unicode>~342—</Unicode></TextEquiv></Word>
	<TextEquiv>
	<Unicode>~342—</Unicode></TextEquiv></TextLine>
	<TextEquiv>
	<Unicode>~342—</Unicode></TextEquiv></TextRegion>
	<TextRegion id="r9" type="paragraph">
	<Coords points="2885,1219 2922,1219 2922,1260 2939,1260 2939,1270 2935,1270 2935,1439 2936,1439 2936,1449 2909,1449 2909,1462 2887,1462 2887,1466 2869,1466 2869,1478 2795,1478 2795,1468 2669,1468 2669,1466 2555,1466 2555,1464 2425,1464 2425,1461 2205,1461 2205,1463 2172,1463 2172,1473 2136,1473 2136,1462 1963,1462 1963,1463 1887,1463 1887,1473 1848,1473 1848,1461 1721,1461 1721,1473 1685,1473 1685,1457 1529,1457 1529,1473 1493,1473 1493,1457 1387,1457 1387,1544 1260,1544 1260,1560 1224,1560 1224,1508 1226,1508 1226,1366 1225,1366 1225,1328 1228,1328 1228,1239 1297,1239 1297,1222 1382,1222 1382,1238 1502,1238 1502,1227 1597,1227 1597,1226 1657,1226 1657,1223 1695,1223 1695,1239 1895,1239 1895,1223 1953,1223 1953,1238 1985,1238 1985,1239 2046,1239 2046,1241 2186,1241 2186,1240 2211,1240 2211,1224 2235,1224 2235,1241 2267,1241 2267,1242 2450,1242 2450,1243 2558,1243 2558,1242 2590,1242 2590,1243 2705,1243 2705,1228 2741,1228 2741,1245 2885,1245"/>
	<TextLine id="l10">
	<Coords points="2885,1219 2922,1219 2922,1260 2939,1260 2939,1270 2922,1270 2922,1288 2778,1288 2778,1286 2660,1286 2660,1288 2633,1288 2633,1283 2518,1283 2518,1284 2450,1284 2450,1289 2424,1289 2424,1286 2382,1286 2382,1281 2347,1281 2347,1280 2235,1280 2235,1281 2186,1281 2186,1280 2076,1280 2076,1294 2060,1294 2060,1281 1988,1281 1988,1279 1864,1279 1864,1282 1831,1282 1831,1279 1729,1279 1729,1283 1698,1283 1698,1282 1657,1282 1657,1281 1597,1281 1597,1280 1457,1280 1457,1281 1349,1281 1349,1291 1314,1291 1314,1278 1297,1278 1297,1277 1259,1277 1259,1274 1228,1274 1228,1239 1297,1239 1297,1222 1382,1222 1382,1238 1502,1238 1502,1227 1597,1227 1597,1226 1657,1226 1657,1223 1695,1223 1695,1239 1895,1239 1895,1223 1953,1223 1953,1238 1985,1238 1985,1239 2046,1239 2046,1241 2186,1241 2186,1240 2211,1240 2211,1224 2235,1224 2235,1241 2267,1241 2267,1242 2450,1242 2450,1243 2558,1243 2558,1242 2590,1242 2590,1243 2705,1243 2705,1228 2741,1228 2741,1245 2885,1245"/>
	<Word id="w11">
	<Coords points="1297,1222 1382,1222 1382,1279 1349,1279 1349,1291 1314,1291 1314,1278 1297,1278 1297,1277 1259,1277 1259,1274 1228,1274 1228,1239 1297,1239"/>
	<Glyph id="c12">
	<Coords points="1228,1239 1256,1239 1256,1274 1228,1274"/>
	<TextEquiv>
	<Unicode>e</Unicode></TextEquiv></Glyph>
	<Glyph id="c13">
	<Coords points="1259,1239 1294,1239 1294,1277 1259,1277"/>
	<TextEquiv>
	<Unicode>x</Unicode></TextEquiv></Glyph>
	<Glyph id="c14">
	<Coords points="1297,1222 1311,1222 1311,1278 1297,1278"/>
	<TextEquiv>
	<Unicode>i</Unicode></TextEquiv></Glyph>
	<Glyph id="c15">
	<Coords points="1314,1239 1349,1239 1349,1291 1314,1291"/>
	<TextEquiv>
	<Unicode>g</Unicode></TextEquiv></Glyph>
	<Glyph id="c16">
	<Coords points="1345,1222 1382,1222 1382,1279 1345,1279"/>
	<TextEquiv>
	<Unicode>é</Unicode></TextEquiv></Glyph>
	<TextEquiv>
	<Unicode>exigé</Unicode></TextEquiv></Word>
	<Word id="w17">
	<Coords points="1597,1226 1621,1226 1621,1281 1597,1281 1597,1280 1457,1280 1457,1281 1425,1281 1425,1239 1460,1239 1460,1238 1502,1238 1502,1227 1597,1227"/>
	<Glyph id="c18">
	<Coords points="1425,1239 1457,1239 1457,1281 1425,1281"/>
	<TextEquiv>
	<Unicode>a</Unicode></TextEquiv></Glyph>
	<Glyph id="c19">
	<Coords points="1460,1238 1496,1238 1496,1279 1460,1279"/>
	<TextEquiv>
	<Unicode>u</Unicode></TextEquiv></Glyph>
	<Glyph id="c20">
	<Coords points="1502,1227 1526,1227 1526,1280 1502,1280"/>
	<TextEquiv>
	<Unicode>t</Unicode></TextEquiv></Glyph>
	<Glyph id="c21">
	<Coords points="1522,1238 1560,1238 1560,1280 1522,1280"/>
	<TextEquiv>
	<Unicode>a</Unicode></TextEquiv></Glyph>
	<Glyph id="c22">
	<Coords points="1558,1238 1595,1238 1595,1280 1558,1280"/>
	<TextEquiv>
	<Unicode>n</Unicode></TextEquiv></Glyph>
	<Glyph id="c23">
	<Coords points="1597,1226 1621,1226 1621,1281 1597,1281"/>
	<TextEquiv>
	<Unicode>t</Unicode></TextEquiv></Glyph>
	<TextEquiv>
	<Unicode>autant</Unicode></TextEquiv></Word>
	<Word id="w24">
	<Coords points="1657,1223 1695,1223 1695,1239 1729,1239 1729,1283 1698,1283 1698,1282 1657,1282"/>
	<Glyph id="c25">
	<Coords points="1657,1223 1695,1223 1695,1282 1657,1282"/>
	<TextEquiv>
	<Unicode>d</Unicode></TextEquiv></Glyph>
	<Glyph id="c26">
	<Coords points="1698,1239 1729,1239 1729,1283 1698,1283"/>
	<TextEquiv>
	<Unicode>e</Unicode></TextEquiv></Glyph>
	<TextEquiv>
	<Unicode>de</Unicode></TextEquiv></Word>
	<Word id="w27">
	<Coords points="1895,1223 1953,1223 1953,1238 1985,1238 1985,1239 2046,1239 2046,1265 2076,1265 2076,1294 2060,1294 2060,1281 1988,1281 1988,1279 1864,1279 1864,1282 1831,1282 1831,1279 1773,1279 1773,1239 1895,1239"/>
	<Glyph id="c28">
	<Coords points="1773,1239 1800,1239 1800,1279 1773,1279"/>
	<TextEquiv>
	<Unicode>s</Unicode></TextEquiv></Glyph>
	<Glyph id="c29">
	<Coords points="1803,1239 1835,1239 1835,1279 1803,1279"/>
	<TextEquiv>
	<Unicode>a</Unicode></TextEquiv></Glyph>
	<Glyph id="c30">
	<Coords points="1831,1239 1864,1239 1864,1282 1831,1282"/>
	<TextEquiv>
	<Unicode>c</Unicode></TextEquiv></Glyph>
	<Glyph id="c31">
	<Coords points="1865,1240 1895,1240 1895,1279 1865,1279"/>
	<TextEquiv>
	<Unicode>r</Unicode></TextEquiv></Glyph>
	<Glyph id="c32">
	<Coords points="1895,1223 1912,1223 1912,1277 1895,1277"/>
	<TextEquiv>
	<Unicode>i</Unicode></TextEquiv></Glyph>
	<Glyph id="c33">
	<Coords points="1915,1223 1953,1223 1953,1277 1915,1277"/>
	<TextEquiv>
	<Unicode>ﬁ</Unicode></TextEquiv></Glyph>
	<Glyph id="c34">
	<Coords points="1954,1238 1985,1238 1985,1279 1954,1279"/>
	<TextEquiv>
	<Unicode>c</Unicode></TextEquiv></Glyph>
	<Glyph id="c35">
	<Coords points="1988,1239 2018,1239 2018,1281 1988,1281"/>
	<TextEquiv>
	<Unicode>e</Unicode></TextEquiv></Glyph>
	<Glyph id="c36">
	<Coords points="2019,1239 2046,1239 2046,1278 2019,1278"/>
	<TextEquiv>
	<Unicode>s</Unicode></TextEquiv></Glyph>
	<Glyph id="c37">
	<Coords points="2060,1265 2076,1265 2076,1294 2060,1294"/>
	<TextEquiv>
	<Unicode>,</Unicode></TextEquiv></Glyph>
	<TextEquiv>
	<Unicode>sacriﬁces,</Unicode></TextEquiv></Word>
	<Word id="w38">
	<Coords points="2211,1224 2235,1224 2235,1241 2267,1241 2267,1278 2235,1278 2235,1281 2186,1281 2186,1280 2129,1280 2129,1241 2186,1241 2186,1240 2211,1240"/>
	<Glyph id="c39">
	<Coords points="2129,1241 2184,1241 2184,1280 2129,1280"/>
	<TextEquiv>
	<Unicode>m</Unicode></TextEquiv></Glyph>
	<Glyph id="c40">
	<Coords points="2186,1240 2216,1240 2216,1281 2186,1281"/>
	<TextEquiv>
	<Unicode>a</Unicode></TextEquiv></Glyph>
	<Glyph id="c41">
	<Coords points="2211,1224 2235,1224 2235,1281 2211,1281"/>
	<TextEquiv>
	<Unicode>i</Unicode></TextEquiv></Glyph>
	<Glyph id="c42">
	<Coords points="2240,1241 2267,1241 2267,1278 2240,1278"/>
	<TextEquiv>
	<Unicode>s</Unicode></TextEquiv></Glyph>
	<TextEquiv>
	<Unicode>mais</Unicode></TextEquiv></Word>
	<Word id="w43">
	<Coords points="2309,1242 2450,1242 2450,1289 2424,1289 2424,1286 2382,1286 2382,1281 2347,1281 2347,1280 2309,1280"/>
	<Glyph id="c44">
	<Coords points="2309,1242 2344,1242 2344,1280 2309,1280"/>
	<TextEquiv>
	<Unicode>n</Unicode></TextEquiv></Glyph>
	<Glyph id="c45">
	<Coords points="2347,1242 2380,1242 2380,1281 2347,1281"/>
	<TextEquiv>
	<Unicode>o</Unicode></TextEquiv></Glyph>
	<Glyph id="c46">
	<Coords points="2382,1242 2419,1242 2419,1286 2382,1286"/>
	<TextEquiv>
	<Unicode>u</Unicode></TextEquiv></Glyph>
	<Glyph id="c47">
	<Coords points="2424,1242 2450,1242 2450,1289 2424,1289"/>
	<TextEquiv>
	<Unicode>s</Unicode></TextEquiv></Glyph>
	<TextEquiv>
	<Unicode>nous</Unicode></TextEquiv></Word>
	<Word id="w48">
	<Coords points="2558,1242 2590,1242 2590,1243 2660,1243 2660,1288 2633,1288 2633,1283 2518,1283 2518,1284 2485,1284 2485,1243 2558,1243"/>
	<Glyph id="c49">
	<Coords points="2485,1243 2518,1243 2518,1284 2485,1284"/>
	<TextEquiv>
	<Unicode>a</Unicode></TextEquiv></Glyph>
	<Glyph id="c50">
	<Coords points="2522,1243 2556,1243 2556,1281 2522,1281"/>
	<TextEquiv>
	<Unicode>v</Unicode></TextEquiv></Glyph>
	<Glyph id="c51">
	<Coords points="2558,1242 2590,1242 2590,1282 2558,1282"/>
	<TextEquiv>
	<Unicode>o</Unicode></TextEquiv></Glyph>
	<Glyph id="c52">
	<Coords points="2594,1243 2630,1243 2630,1283 2594,1283"/>
	<TextEquiv>
	<Unicode>n</Unicode></TextEquiv></Glyph>
	<Glyph id="c53">
	<Coords points="2633,1243 2660,1243 2660,1288 2633,1288"/>
	<TextEquiv>
	<Unicode>s</Unicode></TextEquiv></Glyph>
	<TextEquiv>
	<Unicode>avons</Unicode></TextEquiv></Word>
	<Word id="w54">
	<Coords points="2885,1219 2922,1219 2922,1260 2939,1260 2939,1270 2922,1270 2922,1288 2778,1288 2778,1286 2744,1286 2744,1285 2705,1285 2705,1228 2741,1228 2741,1245 2885,1245"/>
	<Glyph id="c55">
	<Coords points="2705,1228 2741,1228 2741,1285 2705,1285"/>
	<TextEquiv>
	<Unicode>h</Unicode></TextEquiv></Glyph>
	<Glyph id="c56">
	<Coords points="2744,1245 2775,1245 2775,1286 2744,1286"/>
	<TextEquiv>
	<Unicode>e</Unicode></TextEquiv></Glyph>
	<Glyph id="c57">
	<Coords points="2778,1245 2815,1245 2815,1288 2778,1288"/>
	<TextEquiv>
	<Unicode>u</Unicode></TextEquiv></Glyph>
	<Glyph id="c58">
	<Coords points="2820,1245 2849,1245 2849,1283 2820,1283"/>
	<TextEquiv>
	<Unicode>r</Unicode></TextEquiv></Glyph>
	<Glyph id="c59">
	<Coords points="2847,1245 2882,1245 2882,1283 2847,1283"/>
	<TextEquiv>
	<Unicode>e</Unicode></TextEquiv></Glyph>
	<Glyph id="c60">
	<Coords points="2885,1219 2922,1219 2922,1288 2885,1288"/>
	<TextEquiv>
	<Unicode>u</Unicode></TextEquiv></Glyph>
	<Glyph id="c61">
	<Coords points="2924,1260 2939,1260 2939,1270 2924,1270"/>
	<TextEquiv>
	<Unicode>-</Unicode></TextEquiv></Glyph>
	<TextEquiv>
	<Unicode>heureu-</Unicode></TextEquiv></Word>
	<TextEquiv>
	<Unicode>exigé autant de sacriﬁces, mais nous avons heureu-</Unicode></TextEquiv></TextLine>
	<TextLine id="l62">
	<Coords points="1647,1313 1678,1313 1678,1314 1730,1314 1730,1329 1842,1329 1842,1328 1932,1328 1932,1313 2002,1313 2002,1329 2035,1329 2035,1330 2284,1330 2284,1331 2318,1331 2318,1332 2520,1332 2520,1333 2692,1333 2692,1319 2846,1319 2846,1334 2906,1334 2906,1341 2935,1341 2935,1390 2920,1390 2920,1378 2807,1378 2807,1375 2690,1375 2690,1387 2655,1387 2655,1376 2536,1376 2536,1373 2416,1373 2416,1376 2285,1376 2285,1374 2230,1374 2230,1373 2171,1373 2171,1371 2063,1371 2063,1383 2044,1383 2044,1372 1965,1372 1965,1371 1730,1371 1730,1372 1714,1372 1714,1368 1606,1368 1606,1373 1568,1373 1568,1371 1503,1371 1503,1370 1417,1370 1417,1368 1345,1368 1345,1366 1225,1366 1225,1328 1253,1328 1253,1327 1417,1327 1417,1316 1501,1316 1501,1328 1647,1328"/>
	<Word id="w63">
	<Coords points="1417,1316 1441,1316 1441,1370 1417,1370 1417,1368 1345,1368 1345,1366 1225,1366 1225,1328 1253,1328 1253,1327 1417,1327"/>
	<Glyph id="c64">
	<Coords points="1225,1328 1252,1328 1252,1366 1225,1366"/>
	<TextEquiv>
	<Unicode>s</Unicode></TextEquiv></Glyph>
	<Glyph id="c65">
	<Coords points="1253,1327 1284,1327 1284,1366 1253,1366"/>
	<TextEquiv>
	<Unicode>e</Unicode></TextEquiv></Glyph>
	<Glyph id="c66">
	<Coords points="1286,1327 1341,1327 1341,1366 1286,1366"/>
	<TextEquiv>
	<Unicode>m</Unicode></TextEquiv></Glyph>
	<Glyph id="c67">
	<Coords points="1345,1327 1375,1327 1375,1368 1345,1368"/>
	<TextEquiv>
	<Unicode>e</Unicode></TextEquiv></Glyph>
	<Glyph id="c68">
	<Coords points="1378,1328 1415,1328 1415,1365 1378,1365"/>
	<TextEquiv>
	<Unicode>n</Unicode></TextEquiv></Glyph>
	<Glyph id="c69">
	<Coords points="1417,1316 1441,1316 1441,1370 1417,1370"/>
	<TextEquiv>
	<Unicode>t</Unicode></TextEquiv></Glyph>
	<TextEquiv>
	<Unicode>sement</Unicode></TextEquiv></Word>
	<Word id="w70">
	<Coords points="1647,1313 1678,1313 1678,1368 1606,1368 1606,1373 1568,1373 1568,1371 1503,1371 1503,1370 1478,1370 1478,1316 1501,1316 1501,1328 1647,1328"/>
	<Glyph id="c71">
	<Coords points="1478,1316 1501,1316 1501,1370 1478,1370"/>
	<TextEquiv>
	<Unicode>t</Unicode></TextEquiv></Glyph>
	<Glyph id="c72">
	<Coords points="1503,1329 1532,1329 1532,1371 1503,1371"/>
	<TextEquiv>
	<Unicode>r</Unicode></TextEquiv></Glyph>
	<Glyph id="c73">
	<Coords points="1532,1328 1566,1328 1566,1369 1532,1369"/>
	<TextEquiv>
	<Unicode>o</Unicode></TextEquiv></Glyph>
	<Glyph id="c74">
	<Coords points="1568,1328 1606,1328 1606,1373 1568,1373"/>
	<TextEquiv>
	<Unicode>u</Unicode></TextEquiv></Glyph>
	<Glyph id="c75">
	<Coords points="1610,1329 1644,1329 1644,1365 1610,1365"/>
	<TextEquiv>
	<Unicode>v</Unicode></TextEquiv></Glyph>
	<Glyph id="c76">
	<Coords points="1647,1313 1678,1313 1678,1368 1647,1368"/>
	<TextEquiv>
	<Unicode>é</Unicode></TextEquiv></Glyph>
	<TextEquiv>
	<Unicode>trouvé</Unicode></TextEquiv></Word>
	<Word id="w77">
	<Coords points="1714,1314 1730,1314 1730,1329 1765,1329 1765,1371 1730,1371 1730,1372 1714,1372"/>
	<Glyph id="c78">
	<Coords points="1714,1314 1730,1314 1730,1372 1714,1372"/>
	<TextEquiv>
	<Unicode>l</Unicode></TextEquiv></Glyph>
	<Glyph id="c79">
	<Coords points="1734,1329 1765,1329 1765,1371 1734,1371"/>
	<TextEquiv>
	<Unicode>e</Unicode></TextEquiv></Glyph>
	<TextEquiv>
	<Unicode>le</Unicode></TextEquiv></Word>
	<Word id="w80">
	<Coords points="1932,1313 2002,1313 2002,1329 2035,1329 2035,1354 2063,1354 2063,1383 2044,1383 2044,1372 1965,1372 1965,1371 1842,1371 1842,1365 1811,1365 1811,1329 1842,1329 1842,1328 1932,1328"/>
	<Glyph id="c81">
	<Coords points="1811,1329 1839,1329 1839,1365 1811,1365"/>
	<TextEquiv>
	<Unicode>r</Unicode></TextEquiv></Glyph>
	<Glyph id="c82">
	<Coords points="1842,1328 1876,1328 1876,1371 1842,1371"/>
	<TextEquiv>
	<Unicode>e</Unicode></TextEquiv></Glyph>
	<Glyph id="c83">
	<Coords points="1871,1328 1930,1328 1930,1371 1871,1371"/>
	<TextEquiv>
	<Unicode>m</Unicode></TextEquiv></Glyph>
	<Glyph id="c84">
	<Coords points="1932,1313 1962,1313 1962,1371 1932,1371"/>
	<TextEquiv>
	<Unicode>e</Unicode></TextEquiv></Glyph>
	<Glyph id="c85">
	<Coords points="1965,1313 2002,1313 2002,1372 1965,1372"/>
	<TextEquiv>
	<Unicode>d</Unicode></TextEquiv></Glyph>
	<Glyph id="c86">
	<Coords points="2005,1329 2035,1329 2035,1372 2005,1372"/>
	<TextEquiv>
	<Unicode>e</Unicode></TextEquiv></Glyph>
	<Glyph id="c87">
	<Coords points="2044,1354 2063,1354 2063,1383 2044,1383"/>
	<TextEquiv>
	<Unicode>,</Unicode></TextEquiv></Glyph>
	<TextEquiv>
	<Unicode>remede,</Unicode></TextEquiv></Word>
	<Word id="w88">
	<Coords points="2100,1330 2284,1330 2284,1331 2318,1331 2318,1376 2285,1376 2285,1374 2230,1374 2230,1373 2171,1373 2171,1371 2100,1371"/>
	<Glyph id="c89">
	<Coords points="2100,1330 2134,1330 2134,1371 2100,1371"/>
	<TextEquiv>
	<Unicode>c</Unicode></TextEquiv></Glyph>
	<Glyph id="c90">
	<Coords points="2135,1330 2168,1330 2168,1368 2135,1368"/>
	<TextEquiv>
	<Unicode>o</Unicode></TextEquiv></Glyph>
	<Glyph id="c91">
	<Coords points="2171,1330 2224,1330 2224,1373 2171,1373"/>
	<TextEquiv>
	<Unicode>m</Unicode></TextEquiv></Glyph>
	<Glyph id="c92">
	<Coords points="2230,1330 2284,1330 2284,1374 2230,1374"/>
	<TextEquiv>
	<Unicode>m</Unicode></TextEquiv></Glyph>
	<Glyph id="c93">
	<Coords points="2285,1331 2318,1331 2318,1376 2285,1376"/>
	<TextEquiv>
	<Unicode>e</Unicode></TextEquiv></Glyph>
	<TextEquiv>
	<Unicode>comme</Unicode></TextEquiv></Word>
	<Word id="w94">
	<Coords points="2345,1332 2416,1332 2416,1376 2382,1376 2382,1374 2345,1374"/>
	<Glyph id="c95">
	<Coords points="2345,1332 2377,1332 2377,1374 2345,1374"/>
	<TextEquiv>
	<Unicode>o</Unicode></TextEquiv></Glyph>
	<Glyph id="c96">
	<Coords points="2382,1332 2416,1332 2416,1376 2382,1376"/>
	<TextEquiv>
	<Unicode>n</Unicode></TextEquiv></Glyph>
	<TextEquiv>
	<Unicode>on</Unicode></TextEquiv></Word>
	<Word id="w97">
	<Coords points="2464,1332 2520,1332 2520,1333 2628,1333 2628,1374 2565,1374 2565,1376 2536,1376 2536,1373 2464,1373"/>
	<Glyph id="c98">
	<Coords points="2464,1332 2520,1332 2520,1373 2464,1373"/>
	<TextEquiv>
	<Unicode>w</Unicode></TextEquiv></Glyph>
	<Glyph id="c99">
	<Coords points="2516,1333 2532,1333 2532,1369 2516,1369"/>
	<TextEquiv>
	<Unicode>a</Unicode></TextEquiv></Glyph>
	<Glyph id="c100">
	<Coords points="2536,1333 2565,1333 2565,1376 2536,1376"/>
	<TextEquiv>
	<Unicode>r</Unicode></TextEquiv></Glyph>
	<Glyph id="c101">
	<Coords points="2565,1333 2628,1333 2628,1374 2565,1374"/>
	<TextEquiv>
	<Unicode>m</Unicode></TextEquiv></Glyph>
	<TextEquiv>
	<Unicode>warm</Unicode></TextEquiv></Word>
	<Word id="w102">
	<Coords points="2692,1319 2710,1319 2710,1334 2780,1334 2780,1375 2690,1375 2690,1387 2655,1387 2655,1335 2692,1335"/>
	<Glyph id="c103">
	<Coords points="2655,1335 2690,1335 2690,1387 2655,1387"/>
	<TextEquiv>
	<Unicode>p</Unicode></TextEquiv></Glyph>
	<Glyph id="c104">
	<Coords points="2692,1319 2710,1319 2710,1371 2692,1371"/>
	<TextEquiv>
	<Unicode>l</Unicode></TextEquiv></Glyph>
	<Glyph id="c105">
	<Coords points="2714,1334 2753,1334 2753,1375 2714,1375"/>
	<TextEquiv>
	<Unicode>u</Unicode></TextEquiv></Glyph>
	<Glyph id="c106">
	<Coords points="2750,1334 2780,1334 2780,1375 2750,1375"/>
	<TextEquiv>
	<Unicode>s</Unicode></TextEquiv></Glyph>
	<TextEquiv>
	<Unicode>plus</Unicode></TextEquiv></Word>
	<Word id="w107">
	<Coords points="2807,1319 2846,1319 2846,1334 2906,1334 2906,1341 2935,1341 2935,1390 2920,1390 2920,1378 2807,1378"/>
	<Glyph id="c108">
	<Coords points="2807,1319 2846,1319 2846,1378 2807,1378"/>
	<TextEquiv>
	<Unicode>h</Unicode></TextEquiv></Glyph>
	<Glyph id="c109">
	<Coords points="2841,1334 2881,1334 2881,1375 2841,1375"/>
	<TextEquiv>
	<Unicode>a</Unicode></TextEquiv></Glyph>
	<Glyph id="c110">
	<Coords points="2876,1334 2906,1334 2906,1375 2876,1375"/>
	<TextEquiv>
	<Unicode>s</Unicode></TextEquiv></Glyph>
	<Glyph id="c111">
	<Coords points="2920,1341 2935,1341 2935,1390 2920,1390"/>
	<TextEquiv>
	<Unicode>;</Unicode></TextEquiv></Glyph>
	<TextEquiv>
	<Unicode>has;</Unicode></TextEquiv></Word>
	<TextEquiv>
	<Unicode>sement trouvé le remede, comme on warm plus has;</Unicode></TextEquiv></TextLine>
	<TextLine id="l112">
	<Coords points="1226,1402 1241,1402 1241,1404 1262,1404 1262,1418 1422,1418 1422,1403 1462,1403 1462,1402 1491,1402 1491,1420 1604,1420 1604,1404 1740,1404 1740,1419 1810,1419 1810,1420 2001,1420 2001,1403 2039,1403 2039,1420 2173,1420 2173,1419 2205,1419 2205,1420 2285,1420 2285,1421 2319,1421 2319,1422 2555,1422 2555,1410 2627,1410 2627,1406 2667,1406 2667,1409 2745,1409 2745,1410 2760,1410 2760,1424 2870,1424 2870,1410 2891,1410 2891,1407 2909,1407 2909,1439 2936,1439 2936,1449 2909,1449 2909,1462 2887,1462 2887,1466 2869,1466 2869,1478 2795,1478 2795,1468 2669,1468 2669,1466 2555,1466 2555,1464 2425,1464 2425,1461 2205,1461 2205,1463 2172,1463 2172,1473 2136,1473 2136,1462 1963,1462 1963,1463 1887,1463 1887,1473 1848,1473 1848,1461 1721,1461 1721,1473 1685,1473 1685,1457 1529,1457 1529,1473 1493,1473 1493,1457 1462,1457 1462,1456 1348,1456 1348,1455 1249,1455 1249,1454 1226,1454"/>
	<Word id="w113">
	<Coords points="1226,1402 1241,1402 1241,1404 1262,1404 1262,1455 1249,1455 1249,1454 1226,1454"/>
	<Glyph id="c114">
	<Coords points="1226,1402 1241,1402 1241,1454 1226,1454"/>
	<TextEquiv>
	<Unicode>i</Unicode></TextEquiv></Glyph>
	<Glyph id="c115">
	<Coords points="1249,1404 1262,1404 1262,1455 1249,1455"/>
	<TextEquiv>
	<Unicode>l</Unicode></TextEquiv></Glyph>
	<TextEquiv>
	<Unicode>il</Unicode></TextEquiv></Word>
	<Word id="w116">
	<Coords points="1310,1418 1379,1418 1379,1456 1348,1456 1348,1455 1310,1455"/>
	<Glyph id="c117">
	<Coords points="1310,1418 1346,1418 1346,1455 1310,1455"/>
	<TextEquiv>
	<Unicode>n</Unicode></TextEquiv></Glyph>
	<Glyph id="c118">
	<Coords points="1348,1418 1379,1418 1379,1456 1348,1456"/>
	<TextEquiv>
	<Unicode>e</Unicode></TextEquiv></Glyph>
	<TextEquiv>
	<Unicode>ne</Unicode></TextEquiv></Word>
	<Word id="w119">
	<Coords points="1462,1402 1491,1402 1491,1420 1604,1420 1604,1404 1641,1404 1641,1457 1529,1457 1529,1473 1493,1473 1493,1457 1462,1457 1462,1456 1422,1456 1422,1403 1462,1403"/>
	<Glyph id="c120">
	<Coords points="1422,1403 1459,1403 1459,1456 1422,1456"/>
	<TextEquiv>
	<Unicode>d</Unicode></TextEquiv></Glyph>
	<Glyph id="c121">
	<Coords points="1462,1402 1491,1402 1491,1457 1462,1457"/>
	<TextEquiv>
	<Unicode>é</Unicode></TextEquiv></Glyph>
	<Glyph id="c122">
	<Coords points="1493,1420 1529,1420 1529,1473 1493,1473"/>
	<TextEquiv>
	<Unicode>p</Unicode></TextEquiv></Glyph>
	<Glyph id="c123">
	<Coords points="1532,1420 1561,1420 1561,1457 1532,1457"/>
	<TextEquiv>
	<Unicode>e</Unicode></TextEquiv></Glyph>
	<Glyph id="c124">
	<Coords points="1565,1420 1601,1420 1601,1456 1565,1456"/>
	<TextEquiv>
	<Unicode>n</Unicode></TextEquiv></Glyph>
	<Glyph id="c125">
	<Coords points="1604,1404 1641,1404 1641,1457 1604,1457"/>
	<TextEquiv>
	<Unicode>d</Unicode></TextEquiv></Glyph>
	<TextEquiv>
	<Unicode>dépend</Unicode></TextEquiv></Word>
	<Word id="w126">
	<Coords points="1724,1404 1740,1404 1740,1419 1810,1419 1810,1455 1827,1455 1827,1461 1721,1461 1721,1473 1685,1473 1685,1420 1724,1420"/>
	<Glyph id="c127">
	<Coords points="1685,1420 1721,1420 1721,1473 1685,1473"/>
	<TextEquiv>
	<Unicode>p</Unicode></TextEquiv></Glyph>
	<Glyph id="c128">
	<Coords points="1724,1404 1740,1404 1740,1456 1724,1456"/>
	<TextEquiv>
	<Unicode>l</Unicode></TextEquiv></Glyph>
	<Glyph id="c129">
	<Coords points="1742,1419 1781,1419 1781,1456 1742,1456"/>
	<TextEquiv>
	<Unicode>u</Unicode></TextEquiv></Glyph>
	<Glyph id="c130">
	<Coords points="1784,1419 1810,1419 1810,1457 1784,1457"/>
	<TextEquiv>
	<Unicode>s</Unicode></TextEquiv></Glyph>
	<Glyph id="c131">
	<Coords points="1820,1455 1827,1455 1827,1461 1820,1461"/>
	<TextEquiv>
	<Unicode>.</Unicode></TextEquiv></Glyph>
	<TextEquiv>
	<Unicode>plus.</Unicode></TextEquiv></Word>
	<Word id="w132">
	<Coords points="1848,1420 1963,1420 1963,1463 1887,1463 1887,1473 1848,1473"/>
	<Glyph id="c133">
	<Coords points="1848,1420 1887,1420 1887,1473 1848,1473"/>
	<TextEquiv>
	<Unicode>q</Unicode></TextEquiv></Glyph>
	<Glyph id="c134">
	<Coords points="1890,1421 1930,1421 1930,1462 1890,1462"/>
	<TextEquiv>
	<Unicode>u</Unicode></TextEquiv></Glyph>
	<Glyph id="c135">
	<Coords points="1930,1420 1963,1420 1963,1463 1930,1463"/>
	<TextEquiv>
	<Unicode>e</Unicode></TextEquiv></Glyph>
	<TextEquiv>
	<Unicode>que</Unicode></TextEquiv></Word>
	<Word id="w136">
	<Coords points="2001,1403 2039,1403 2039,1420 2100,1420 2100,1458 2073,1458 2073,1461 2039,1461 2039,1462 2001,1462"/>
	<Glyph id="c137">
	<Coords points="2001,1403 2039,1403 2039,1462 2001,1462"/>
	<TextEquiv>
	<Unicode>d</Unicode></TextEquiv></Glyph>
	<Glyph id="c138">
	<Coords points="2042,1420 2073,1420 2073,1461 2042,1461"/>
	<TextEquiv>
	<Unicode>e</Unicode></TextEquiv></Glyph>
	<Glyph id="c139">
	<Coords points="2071,1420 2100,1420 2100,1458 2071,1458"/>
	<TextEquiv>
	<Unicode>s</Unicode></TextEquiv></Glyph>
	<TextEquiv>
	<Unicode>des</Unicode></TextEquiv></Word>
	<Word id="w140">
	<Coords points="2555,1410 2578,1410 2578,1421 2604,1421 2604,1466 2555,1466 2555,1464 2425,1464 2425,1461 2205,1461 2205,1463 2172,1463 2172,1473 2136,1473 2136,1421 2173,1421 2173,1419 2205,1419 2205,1420 2285,1420 2285,1421 2319,1421 2319,1422 2555,1422"/>
	<Glyph id="c141">
	<Coords points="2136,1421 2172,1421 2172,1473 2136,1473"/>
	<TextEquiv>
	<Unicode>s</Unicode></TextEquiv></Glyph>
	<Glyph id="c142">
	<Coords points="2173,1419 2205,1419 2205,1463 2173,1463"/>
	<TextEquiv>
	<Unicode>o</Unicode></TextEquiv></Glyph>
	<Glyph id="c143">
	<Coords points="2209,1420 2246,1420 2246,1461 2209,1461"/>
	<TextEquiv>
	<Unicode>u</Unicode></TextEquiv></Glyph>
	<Glyph id="c144">
	<Coords points="2250,1420 2285,1420 2285,1458 2250,1458"/>
	<TextEquiv>
	<Unicode>v</Unicode></TextEquiv></Glyph>
	<Glyph id="c145">
	<Coords points="2287,1421 2319,1421 2319,1458 2287,1458"/>
	<TextEquiv>
	<Unicode>e</Unicode></TextEquiv></Glyph>
	<Glyph id="c146">
	<Coords points="2322,1422 2350,1422 2350,1461 2322,1461"/>
	<TextEquiv>
	<Unicode>r</Unicode></TextEquiv></Glyph>
	<Glyph id="c147">
	<Coords points="2351,1422 2389,1422 2389,1460 2351,1460"/>
	<TextEquiv>
	<Unicode>n</Unicode></TextEquiv></Glyph>
	<Glyph id="c148">
	<Coords points="2390,1422 2422,1422 2422,1459 2390,1459"/>
	<TextEquiv>
	<Unicode>e</Unicode></TextEquiv></Glyph>
	<Glyph id="c149">
	<Coords points="2425,1422 2479,1422 2479,1464 2425,1464"/>
	<TextEquiv>
	<Unicode>m</Unicode></TextEquiv></Glyph>
	<Glyph id="c150">
	<Coords points="2482,1422 2516,1422 2516,1464 2482,1464"/>
	<TextEquiv>
	<Unicode>e</Unicode></TextEquiv></Glyph>
	<Glyph id="c151">
	<Coords points="2511,1422 2551,1422 2551,1464 2511,1464"/>
	<TextEquiv>
	<Unicode>n</Unicode></TextEquiv></Glyph>
	<Glyph id="c152">
	<Coords points="2555,1410 2578,1410 2578,1466 2555,1466"/>
	<TextEquiv>
	<Unicode>t</Unicode></TextEquiv></Glyph>
	<Glyph id="c153">
	<Coords points="2576,1421 2604,1421 2604,1466 2576,1466"/>
	<TextEquiv>
	<Unicode>s</Unicode></TextEquiv></Glyph>
	<TextEquiv>
	<Unicode>souvernements</Unicode></TextEquiv></Word>
	<Word id="w154">
	<Coords points="2627,1406 2667,1406 2667,1423 2700,1423 2700,1468 2669,1468 2669,1466 2627,1466"/>
	<Glyph id="c155">
	<Coords points="2627,1406 2667,1406 2667,1466 2627,1466"/>
	<TextEquiv>
	<Unicode>d</Unicode></TextEquiv></Glyph>
	<Glyph id="c156">
	<Coords points="2669,1423 2700,1423 2700,1468 2669,1468"/>
	<TextEquiv>
	<Unicode>o</Unicode></TextEquiv></Glyph>
	<TextEquiv>
	<Unicode>do</Unicode></TextEquiv></Word>
	<Word id="w157">
	<Coords points="2891,1407 2909,1407 2909,1439 2936,1439 2936,1449 2909,1449 2909,1462 2887,1462 2887,1466 2869,1466 2869,1478 2795,1478 2795,1468 2728,1468 2728,1409 2745,1409 2745,1410 2760,1410 2760,1424 2870,1424 2870,1410 2891,1410"/>
	<Glyph id="c158">
	<Coords points="2728,1409 2745,1409 2745,1468 2728,1468"/>
	<TextEquiv>
	<Unicode>l</Unicode></TextEquiv></Glyph>
	<Glyph id="c159">
	<Coords points="2749,1410 2760,1410 2760,1428 2749,1428"/>
	<TextEquiv>
	<Unicode>’</Unicode></TextEquiv></Glyph>
	<Glyph id="c160">
	<Coords points="2760,1424 2793,1424 2793,1464 2760,1464"/>
	<TextEquiv>
	<Unicode>a</Unicode></TextEquiv></Glyph>
	<Glyph id="c161">
	<Coords points="2795,1425 2832,1425 2832,1478 2795,1478"/>
	<TextEquiv>
	<Unicode>p</Unicode></TextEquiv></Glyph>
	<Glyph id="c162">
	<Coords points="2832,1425 2869,1425 2869,1478 2832,1478"/>
	<TextEquiv>
	<Unicode>p</Unicode></TextEquiv></Glyph>
	<Glyph id="c163">
	<Coords points="2870,1410 2887,1410 2887,1466 2870,1466"/>
	<TextEquiv>
	<Unicode>l</Unicode></TextEquiv></Glyph>
	<Glyph id="c164">
	<Coords points="2891,1407 2909,1407 2909,1462 2891,1462"/>
	<TextEquiv>
	<Unicode>i</Unicode></TextEquiv></Glyph>
	<Glyph id="c165">
	<Coords points="2911,1439 2936,1439 2936,1449 2911,1449"/>
	<TextEquiv>
	<Unicode>-</Unicode></TextEquiv></Glyph>
	<TextEquiv>
	<Unicode>l’appli-</Unicode></TextEquiv></Word>
	<TextEquiv>
	<Unicode>il ne dépend plus. que des souvernements do l’appli-</Unicode></TextEquiv></TextLine>
	<TextLine id="l166">
	<Coords points="1306,1506 1336,1506 1336,1507 1368,1507 1368,1531 1387,1531 1387,1544 1260,1544 1260,1560 1224,1560 1224,1508 1265,1508 1265,1507 1306,1507"/>
	<Word id="w167">
	<Coords points="1306,1506 1336,1506 1336,1507 1368,1507 1368,1531 1387,1531 1387,1544 1260,1544 1260,1560 1224,1560 1224,1508 1265,1508 1265,1507 1306,1507"/>
	<Glyph id="c168">
	<Coords points="1224,1508 1260,1508 1260,1560 1224,1560"/>
	<TextEquiv>
	<Unicode>q</Unicode></TextEquiv></Glyph>
	<Glyph id="c169">
	<Coords points="1265,1507 1301,1507 1301,1544 1265,1544"/>
	<TextEquiv>
	<Unicode>u</Unicode></TextEquiv></Glyph>
	<Glyph id="c170">
	<Coords points="1306,1506 1336,1506 1336,1544 1306,1544"/>
	<TextEquiv>
	<Unicode>e</Unicode></TextEquiv></Glyph>
	<Glyph id="c171">
	<Coords points="1339,1507 1368,1507 1368,1543 1339,1543"/>
	<TextEquiv>
	<Unicode>r</Unicode></TextEquiv></Glyph>
	<Glyph id="c172">
	<Coords points="1374,1531 1387,1531 1387,1544 1374,1544"/>
	<TextEquiv>
	<Unicode>.</Unicode></TextEquiv></Glyph>
	<TextEquiv>
	<Unicode>quer.</Unicode></TextEquiv></Word>
	<TextEquiv>
	<Unicode>quer.</Unicode></TextEquiv></TextLine>
	<TextEquiv>
	<Unicode>exigé autant de sacriﬁces, mais nous avons heureu-
sement trouvé le remede, comme on warm plus has;
il ne dépend plus. que des souvernements do l’appli-
quer.</Unicode></TextEquiv></TextRegion>
	<TextRegion id="r173" type="paragraph">
	<Coords points="1300,1580 1605,1580 1605,1581 2051,1581 2051,1582 2290,1582 2290,1598 2330,1598 2330,1599 2365,1599 2365,1603 2412,1603 2412,1627 2418,1627 2418,1628 2441,1628 2441,1629 2464,1629 2464,1630 2487,1630 2487,1631 2510,1631 2510,1632 2533,1632 2533,1633 2556,1633 2556,1634 2579,1634 2579,1635 2602,1635 2602,1636 2625,1636 2625,1637 2648,1637 2648,1638 2671,1638 2671,1639 2694,1639 2694,1640 2717,1640 2717,1641 2740,1641 2740,1642 2757,1642 2757,1653 2738,1653 2738,1652 2715,1652 2715,1651 2692,1651 2692,1650 2669,1650 2669,1649 2646,1649 2646,1648 2623,1648 2623,1647 2600,1647 2600,1646 2577,1646 2577,1645 2554,1645 2554,1644 2531,1644 2531,1643 2508,1643 2508,1642 2485,1642 2485,1641 2462,1641 2462,1640 2439,1640 2439,1639 2416,1639 2416,1638 2393,1638 2393,1637 2370,1637 2370,1636 2365,1636 2365,1637 2335,1637 2335,1636 2118,1636 2118,1635 1764,1635 1764,1634 1300,1634"/>
	<TextLine id="l174">
	<Coords points="1300,1580 1605,1580 1605,1581 2051,1581 2051,1582 2290,1582 2290,1598 2330,1598 2330,1599 2365,1599 2365,1603 2412,1603 2412,1627 2418,1627 2418,1628 2441,1628 2441,1629 2464,1629 2464,1630 2487,1630 2487,1631 2510,1631 2510,1632 2533,1632 2533,1633 2556,1633 2556,1634 2579,1634 2579,1635 2602,1635 2602,1636 2625,1636 2625,1637 2648,1637 2648,1638 2671,1638 2671,1639 2694,1639 2694,1640 2717,1640 2717,1641 2740,1641 2740,1642 2757,1642 2757,1653 2738,1653 2738,1652 2715,1652 2715,1651 2692,1651 2692,1650 2669,1650 2669,1649 2646,1649 2646,1648 2623,1648 2623,1647 2600,1647 2600,1646 2577,1646 2577,1645 2554,1645 2554,1644 2531,1644 2531,1643 2508,1643 2508,1642 2485,1642 2485,1641 2462,1641 2462,1640 2439,1640 2439,1639 2416,1639 2416,1638 2393,1638 2393,1637 2370,1637 2370,1636 2365,1636 2365,1637 2335,1637 2335,1636 2118,1636 2118,1635 1764,1635 1764,1634 1300,1634"/>
	<Word id="w175">
	<Coords points="1300,1580 1345,1580 1345,1596 1549,1596 1549,1633 1345,1633 1345,1634 1300,1634"/>
	<Glyph id="c176">
	<Coords points="1300,1580 1345,1580 1345,1634 1300,1634"/>
	<TextEquiv>
	<Unicode>P</Unicode></TextEquiv></Glyph>
	<Glyph id="c177">
	<Coords points="1347,1596 1376,1596 1376,1632 1347,1632"/>
	<TextEquiv>
	<Unicode>r</Unicode></TextEquiv></Glyph>
	<Glyph id="c178">
	<Coords points="1377,1597 1406,1597 1406,1633 1377,1633"/>
	<TextEquiv>
	<Unicode>e</Unicode></TextEquiv></Glyph>
	<Glyph id="c179">
	<Coords points="1410,1596 1446,1596 1446,1633 1410,1633"/>
	<TextEquiv>
	<Unicode>n</Unicode></TextEquiv></Glyph>
	<Glyph id="c180">
	<Coords points="1449,1596 1481,1596 1481,1633 1449,1633"/>
	<TextEquiv>
	<Unicode>o</Unicode></TextEquiv></Glyph>
	<Glyph id="c181">
	<Coords points="1485,1597 1520,1597 1520,1633 1485,1633"/>
	<TextEquiv>
	<Unicode>n</Unicode></TextEquiv></Glyph>
	<Glyph id="c182">
	<Coords points="1524,1596 1549,1596 1549,1633 1524,1633"/>
	<TextEquiv>
	<Unicode>s</Unicode></TextEquiv></Glyph>
	<TextEquiv>
	<Unicode>Prenons</Unicode></TextEquiv></Word>
	<Word id="w183">
	<Coords points="1568,1580 1605,1580 1605,1581 1696,1581 1696,1582 1802,1582 1802,1635 1764,1635 1764,1634 1626,1634 1626,1633 1568,1633"/>
	<Glyph id="c184">
	<Coords points="1568,1580 1605,1580 1605,1633 1568,1633"/>
	<TextEquiv>
	<Unicode>d</Unicode></TextEquiv></Glyph>
	<Glyph id="c185">
	<Coords points="1611,1582 1624,1582 1624,1603 1611,1603"/>
	<TextEquiv>
	<Unicode>’</Unicode></TextEquiv></Glyph>
	<Glyph id="c186">
	<Coords points="1626,1597 1657,1597 1657,1634 1626,1634"/>
	<TextEquiv>
	<Unicode>a</Unicode></TextEquiv></Glyph>
	<Glyph id="c187">
	<Coords points="1660,1581 1696,1581 1696,1633 1660,1633"/>
	<TextEquiv>
	<Unicode>b</Unicode></TextEquiv></Glyph>
	<Glyph id="c188">
	<Coords points="1699,1597 1731,1597 1731,1634 1699,1634"/>
	<TextEquiv>
	<Unicode>o</Unicode></TextEquiv></Glyph>
	<Glyph id="c189">
	<Coords points="1735,1597 1764,1597 1764,1633 1735,1633"/>
	<TextEquiv>
	<Unicode>r</Unicode></TextEquiv></Glyph>
	<Glyph id="c190">
	<Coords points="1764,1582 1802,1582 1802,1635 1764,1635"/>
	<TextEquiv>
	<Unicode>d</Unicode></TextEquiv></Glyph>
	<TextEquiv>
	<Unicode>d’abord</Unicode></TextEquiv></Word>
	<Word id="w191">
	<Coords points="1824,1582 1841,1582 1841,1597 1875,1597 1875,1634 1845,1634 1845,1633 1824,1633"/>
	<Glyph id="c192">
	<Coords points="1824,1582 1841,1582 1841,1633 1824,1633"/>
	<TextEquiv>
	<Unicode>l</Unicode></TextEquiv></Glyph>
	<Glyph id="c193">
	<Coords points="1845,1597 1875,1597 1875,1634 1845,1634"/>
	<TextEquiv>
	<Unicode>e</Unicode></TextEquiv></Glyph>
	<TextEquiv>
	<Unicode>le</Unicode></TextEquiv></Word>
	<Word id="w194">
	<Coords points="1993,1582 2009,1582 2009,1633 1990,1633 1990,1634 1960,1634 1960,1633 1903,1633 1903,1597 1993,1597"/>
	<Glyph id="c195">
	<Coords points="1903,1597 1957,1597 1957,1633 1903,1633"/>
	<TextEquiv>
	<Unicode>m</Unicode></TextEquiv></Glyph>
	<Glyph id="c196">
	<Coords points="1960,1597 1990,1597 1990,1634 1960,1634"/>
	<TextEquiv>
	<Unicode>a</Unicode></TextEquiv></Glyph>
	<Glyph id="c197">
	<Coords points="1993,1582 2009,1582 2009,1633 1993,1633"/>
	<TextEquiv>
	<Unicode>l</Unicode></TextEquiv></Glyph>
	<TextEquiv>
	<Unicode>mal</Unicode></TextEquiv></Word>
	<Word id="w198">
	<Coords points="2034,1581 2051,1581 2051,1596 2065,1596 2065,1634 2034,1634"/>
	<Glyph id="c199">
	<Coords points="2034,1581 2051,1581 2051,1634 2034,1634"/>
	<TextEquiv>
	<Unicode>£</Unicode></TextEquiv></Glyph>
	<Glyph id="c200">
	<Coords points="2046,1596 2065,1596 2065,1634 2046,1634"/>
	<TextEquiv>
	<Unicode>1</Unicode></TextEquiv></Glyph>
	<TextEquiv>
	<Unicode>£1</Unicode></TextEquiv></Word>
	<Word id="w201">
	<Coords points="2118,1597 2149,1597 2149,1636 2118,1636 2118,1635 2089,1635 2089,1598 2118,1598"/>
	<Glyph id="c202">
	<Coords points="2089,1598 2115,1598 2115,1635 2089,1635"/>
	<TextEquiv>
	<Unicode>s</Unicode></TextEquiv></Glyph>
	<Glyph id="c203">
	<Coords points="2118,1597 2149,1597 2149,1636 2118,1636"/>
	<TextEquiv>
	<Unicode>a</Unicode></TextEquiv></Glyph>
	<TextEquiv>
	<Unicode>sa</Unicode></TextEquiv></Word>
	<Word id="w204">
	<Coords points="2274,1582 2290,1582 2290,1598 2330,1598 2330,1599 2365,1599 2365,1637 2335,1637 2335,1636 2208,1636 2208,1634 2177,1634 2177,1598 2274,1598"/>
	<Glyph id="c205">
	<Coords points="2177,1598 2206,1598 2206,1634 2177,1634"/>
	<TextEquiv>
	<Unicode>r</Unicode></TextEquiv></Glyph>
	<Glyph id="c206">
	<Coords points="2208,1598 2238,1598 2238,1636 2208,1636"/>
	<TextEquiv>
	<Unicode>a</Unicode></TextEquiv></Glyph>
	<Glyph id="c207">
	<Coords points="2242,1598 2271,1598 2271,1636 2242,1636"/>
	<TextEquiv>
	<Unicode>c</Unicode></TextEquiv></Glyph>
	<Glyph id="c208">
	<Coords points="2274,1582 2290,1582 2290,1635 2274,1635"/>
	<TextEquiv>
	<Unicode>i</Unicode></TextEquiv></Glyph>
	<Glyph id="c209">
	<Coords points="2295,1598 2330,1598 2330,1635 2295,1635"/>
	<TextEquiv>
	<Unicode>n</Unicode></TextEquiv></Glyph>
	<Glyph id="c210">
	<Coords points="2335,1599 2365,1599 2365,1637 2335,1637"/>
	<TextEquiv>
	<Unicode>e</Unicode></TextEquiv></Glyph>
	<TextEquiv>
	<Unicode>racine</Unicode></TextEquiv></Word>
	<Word id="w211">
	<Coords points="2399,1603 2412,1603 2412,1636 2399,1636"/>
	<Glyph id="c212">
	<Coords points="2399,1603 2412,1603 2412,1636 2399,1636"/>
	<TextEquiv>
	<Unicode>:</Unicode></TextEquiv></Glyph>
	<TextEquiv>
	<Unicode>:</Unicode></TextEquiv></Word>
	<Word id="w213">
	<Coords points="2749,1642 2757,1642 2757,1653 2749,1653"/>
	<Glyph id="c214">
	<Coords points="2749,1642 2757,1642 2757,1653 2749,1653"/>
	<TextEquiv>
	<Unicode>\</Unicode></TextEquiv></Glyph>
	<TextEquiv>
	<Unicode>\</Unicode></TextEquiv></Word>
	<TextEquiv>
	<Unicode>Prenons d’abord le mal £1 sa racine : \</Unicode></TextEquiv></TextLine>
	<TextEquiv>
	<Unicode>Prenons d’abord le mal £1 sa racine : \</Unicode></TextEquiv></TextRegion>
	<TextRegion id="r215" type="paragraph">
	<Coords points="1300,1667 1350,1667 1350,1686 1477,1686 1477,1672 1494,1672 1494,1685 1554,1685 1554,1686 1742,1686 1742,1670 1756,1670 1756,1687 1888,1687 1888,1673 1910,1673 1910,1686 2093,1686 2093,1671 2130,1671 2130,1672 2242,1672 2242,1688 2375,1688 2375,1671 2389,1671 2389,1688 2517,1688 2517,1672 2671,1672 2671,1689 2802,1689 2802,1675 2821,1675 2821,1674 2865,1674 2865,1691 2932,1691 2932,1778 2934,1778 2934,1892 2933,1892 2933,2068 2908,2068 2908,2083 2655,2083 2655,2101 2624,2101 2624,2098 2542,2098 2542,2083 2330,2083 2330,2082 2174,2082 2174,2098 2129,2098 2129,2081 2071,2081 2071,2080 1872,2080 1872,2095 1836,2095 1836,2080 1682,2080 1682,2170 1665,2170 1665,2177 1644,2177 1644,2188 1611,2188 1611,2184 1517,2184 1517,2169 1304,2169 1304,2168 1222,2168 1222,2029 1223,2029 1223,1903 1222,1903 1222,1848 1223,1848 1223,1758 1300,1758"/>
	<TextLine id="l216">
	<Coords points="1300,1667 1350,1667 1350,1686 1477,1686 1477,1672 1494,1672 1494,1685 1554,1685 1554,1686 1742,1686 1742,1670 1756,1670 1756,1687 1888,1687 1888,1673 1910,1673 1910,1686 2093,1686 2093,1671 2130,1671 2130,1672 2242,1672 2242,1688 2375,1688 2375,1671 2389,1671 2389,1688 2517,1688 2517,1672 2671,1672 2671,1689 2802,1689 2802,1675 2821,1675 2821,1674 2865,1674 2865,1691 2932,1691 2932,1728 2901,1728 2901,1743 2866,1743 2866,1727 2705,1727 2705,1728 2596,1728 2596,1742 2582,1742 2582,1726 2340,1726 2340,1742 2304,1742 2304,1725 2036,1725 2036,1741 2000,1741 2000,1723 1792,1723 1792,1724 1762,1724 1762,1723 1616,1723 1616,1738 1580,1738 1580,1723 1352,1723 1352,1722 1300,1722"/>
	<Word id="w217">
	<Coords points="1300,1667 1350,1667 1350,1686 1451,1686 1451,1723 1352,1723 1352,1722 1300,1722"/>
	<Glyph id="c218">
	<Coords points="1300,1667 1350,1667 1350,1722 1300,1722"/>
	<TextEquiv>
	<Unicode>D</Unicode></TextEquiv></Glyph>
	<Glyph id="c219">
	<Coords points="1352,1686 1383,1686 1383,1723 1352,1723"/>
	<TextEquiv>
	<Unicode>a</Unicode></TextEquiv></Glyph>
	<Glyph id="c220">
	<Coords points="1386,1687 1422,1687 1422,1723 1386,1723"/>
	<TextEquiv>
	<Unicode>n</Unicode></TextEquiv></Glyph>
	<Glyph id="c221">
	<Coords points="1424,1686 1451,1686 1451,1723 1424,1723"/>
	<TextEquiv>
	<Unicode>s</Unicode></TextEquiv></Glyph>
	<TextEquiv>
	<Unicode>Dans</Unicode></TextEquiv></Word>
	<Word id="w222">
	<Coords points="1477,1672 1494,1672 1494,1685 1554,1685 1554,1722 1526,1722 1526,1723 1477,1723"/>
	<Glyph id="c223">
	<Coords points="1477,1672 1494,1672 1494,1723 1477,1723"/>
	<TextEquiv>
	<Unicode>l</Unicode></TextEquiv></Glyph>
	<Glyph id="c224">
	<Coords points="1497,1687 1526,1687 1526,1723 1497,1723"/>
	<TextEquiv>
	<Unicode>e</Unicode></TextEquiv></Glyph>
	<Glyph id="c225">
	<Coords points="1529,1685 1554,1685 1554,1722 1529,1722"/>
	<TextEquiv>
	<Unicode>s</Unicode></TextEquiv></Glyph>
	<TextEquiv>
	<Unicode>les</Unicode></TextEquiv></Word>
	<Word id="w226">
	<Coords points="1742,1670 1756,1670 1756,1687 1850,1687 1850,1723 1792,1723 1792,1724 1762,1724 1762,1723 1616,1723 1616,1738 1580,1738 1580,1687 1620,1687 1620,1686 1742,1686"/>
	<Glyph id="c227">
	<Coords points="1580,1687 1616,1687 1616,1738 1580,1738"/>
	<TextEquiv>
	<Unicode>p</Unicode></TextEquiv></Glyph>
	<Glyph id="c228">
	<Coords points="1620,1686 1647,1686 1647,1723 1620,1723"/>
	<TextEquiv>
	<Unicode>r</Unicode></TextEquiv></Glyph>
	<Glyph id="c229">
	<Coords points="1650,1687 1680,1687 1680,1723 1650,1723"/>
	<TextEquiv>
	<Unicode>e</Unicode></TextEquiv></Glyph>
	<Glyph id="c230">
	<Coords points="1683,1686 1738,1686 1738,1723 1683,1723"/>
	<TextEquiv>
	<Unicode>m</Unicode></TextEquiv></Glyph>
	<Glyph id="c231">
	<Coords points="1742,1670 1756,1670 1756,1723 1742,1723"/>
	<TextEquiv>
	<Unicode>i</Unicode></TextEquiv></Glyph>
	<Glyph id="c232">
	<Coords points="1762,1687 1792,1687 1792,1724 1762,1724"/>
	<TextEquiv>
	<Unicode>e</Unicode></TextEquiv></Glyph>
	<Glyph id="c233">
	<Coords points="1795,1687 1822,1687 1822,1723 1795,1723"/>
	<TextEquiv>
	<Unicode>r</Unicode></TextEquiv></Glyph>
	<Glyph id="c234">
	<Coords points="1825,1687 1850,1687 1850,1723 1825,1723"/>
	<TextEquiv>
	<Unicode>s</Unicode></TextEquiv></Glyph>
	<TextEquiv>
	<Unicode>premiers</Unicode></TextEquiv></Word>
	<Word id="w235">
	<Coords points="1888,1673 1910,1673 1910,1686 1998,1686 1998,1687 2065,1687 2065,1724 2036,1724 2036,1741 2000,1741 2000,1723 1888,1723"/>
	<Glyph id="c236">
	<Coords points="1888,1673 1910,1673 1910,1723 1888,1723"/>
	<TextEquiv>
	<Unicode>t</Unicode></TextEquiv></Glyph>
	<Glyph id="c237">
	<Coords points="1912,1687 1941,1687 1941,1723 1912,1723"/>
	<TextEquiv>
	<Unicode>e</Unicode></TextEquiv></Glyph>
	<Glyph id="c238">
	<Coords points="1945,1686 1998,1686 1998,1723 1945,1723"/>
	<TextEquiv>
	<Unicode>m</Unicode></TextEquiv></Glyph>
	<Glyph id="c239">
	<Coords points="2000,1687 2036,1687 2036,1741 2000,1741"/>
	<TextEquiv>
	<Unicode>p</Unicode></TextEquiv></Glyph>
	<Glyph id="c240">
	<Coords points="2040,1687 2065,1687 2065,1724 2040,1724"/>
	<TextEquiv>
	<Unicode>s</Unicode></TextEquiv></Glyph>
	<TextEquiv>
	<Unicode>temps</Unicode></TextEquiv></Word>
	<Word id="w241">
	<Coords points="2093,1671 2130,1671 2130,1687 2165,1687 2165,1725 2093,1725"/>
	<Glyph id="c242">
	<Coords points="2093,1671 2130,1671 2130,1725 2093,1725"/>
	<TextEquiv>
	<Unicode>d</Unicode></TextEquiv></Glyph>
	<Glyph id="c243">
	<Coords points="2134,1687 2165,1687 2165,1725 2134,1725"/>
	<TextEquiv>
	<Unicode>e</Unicode></TextEquiv></Glyph>
	<TextEquiv>
	<Unicode>de</Unicode></TextEquiv></Word>
	<Word id="w244">
	<Coords points="2375,1671 2389,1671 2389,1688 2517,1688 2517,1672 2534,1672 2534,1689 2568,1689 2568,1713 2596,1713 2596,1742 2582,1742 2582,1726 2340,1726 2340,1742 2304,1742 2304,1725 2227,1725 2227,1724 2192,1724 2192,1673 2227,1673 2227,1672 2242,1672 2242,1688 2375,1688"/>
	<Glyph id="c245">
	<Coords points="2192,1673 2209,1673 2209,1724 2192,1724"/>
	<TextEquiv>
	<Unicode>l</Unicode></TextEquiv></Glyph>
	<Glyph id="c246">
	<Coords points="2213,1673 2224,1673 2224,1692 2213,1692"/>
	<TextEquiv>
	<Unicode>’</Unicode></TextEquiv></Glyph>
	<Glyph id="c247">
	<Coords points="2227,1672 2242,1672 2242,1725 2227,1725"/>
	<TextEquiv>
	<Unicode>i</Unicode></TextEquiv></Glyph>
	<Glyph id="c248">
	<Coords points="2248,1688 2301,1688 2301,1725 2248,1725"/>
	<TextEquiv>
	<Unicode>m</Unicode></TextEquiv></Glyph>
	<Glyph id="c249">
	<Coords points="2304,1690 2340,1690 2340,1742 2304,1742"/>
	<TextEquiv>
	<Unicode>p</Unicode></TextEquiv></Glyph>
	<Glyph id="c250">
	<Coords points="2344,1689 2372,1689 2372,1725 2344,1725"/>
	<TextEquiv>
	<Unicode>r</Unicode></TextEquiv></Glyph>
	<Glyph id="c251">
	<Coords points="2375,1671 2389,1671 2389,1725 2375,1725"/>
	<TextEquiv>
	<Unicode>i</Unicode></TextEquiv></Glyph>
	<Glyph id="c252">
	<Coords points="2395,1688 2449,1688 2449,1726 2395,1726"/>
	<TextEquiv>
	<Unicode>m</Unicode></TextEquiv></Glyph>
	<Glyph id="c253">
	<Coords points="2453,1689 2482,1689 2482,1725 2453,1725"/>
	<TextEquiv>
	<Unicode>e</Unicode></TextEquiv></Glyph>
	<Glyph id="c254">
	<Coords points="2487,1688 2514,1688 2514,1725 2487,1725"/>
	<TextEquiv>
	<Unicode>r</Unicode></TextEquiv></Glyph>
	<Glyph id="c255">
	<Coords points="2517,1672 2534,1672 2534,1725 2517,1725"/>
	<TextEquiv>
	<Unicode>i</Unicode></TextEquiv></Glyph>
	<Glyph id="c256">
	<Coords points="2538,1689 2568,1689 2568,1726 2538,1726"/>
	<TextEquiv>
	<Unicode>e</Unicode></TextEquiv></Glyph>
	<Glyph id="c257">
	<Coords points="2582,1713 2596,1713 2596,1742 2582,1742"/>
	<TextEquiv>
	<Unicode>,</Unicode></TextEquiv></Glyph>
	<TextEquiv>
	<Unicode>l’imprimerie,</Unicode></TextEquiv></Word>
	<Word id="w258">
	<Coords points="2634,1672 2671,1672 2671,1689 2775,1689 2775,1726 2705,1726 2705,1728 2674,1728 2674,1727 2634,1727"/>
	<Glyph id="c259">
	<Coords points="2634,1672 2671,1672 2671,1727 2634,1727"/>
	<TextEquiv>
	<Unicode>d</Unicode></TextEquiv></Glyph>
	<Glyph id="c260">
	<Coords points="2674,1689 2705,1689 2705,1728 2674,1728"/>
	<TextEquiv>
	<Unicode>a</Unicode></TextEquiv></Glyph>
	<Glyph id="c261">
	<Coords points="2711,1689 2745,1689 2745,1726 2711,1726"/>
	<TextEquiv>
	<Unicode>n</Unicode></TextEquiv></Glyph>
	<Glyph id="c262">
	<Coords points="2749,1689 2775,1689 2775,1726 2749,1726"/>
	<TextEquiv>
	<Unicode>s</Unicode></TextEquiv></Glyph>
	<TextEquiv>
	<Unicode>dans</Unicode></TextEquiv></Word>
	<Word id="w263">
	<Coords points="2821,1674 2865,1674 2865,1691 2932,1691 2932,1728 2901,1728 2901,1743 2866,1743 2866,1727 2802,1727 2802,1675 2821,1675"/>
	<Glyph id="c264">
	<Coords points="2802,1675 2819,1675 2819,1727 2802,1727"/>
	<TextEquiv>
	<Unicode>l</Unicode></TextEquiv></Glyph>
	<Glyph id="c265">
	<Coords points="2821,1674 2833,1674 2833,1693 2821,1693"/>
	<TextEquiv>
	<Unicode>’</Unicode></TextEquiv></Glyph>
	<Glyph id="c266">
	<Coords points="2834,1674 2865,1674 2865,1727 2834,1727"/>
	<TextEquiv>
	<Unicode>é</Unicode></TextEquiv></Glyph>
	<Glyph id="c267">
	<Coords points="2866,1691 2901,1691 2901,1743 2866,1743"/>
	<TextEquiv>
	<Unicode>g</Unicode></TextEquiv></Glyph>
	<Glyph id="c268">
	<Coords points="2903,1691 2932,1691 2932,1728 2903,1728"/>
	<TextEquiv>
	<Unicode>e</Unicode></TextEquiv></Glyph>
	<TextEquiv>
	<Unicode>l’ége</Unicode></TextEquiv></Word>
	<TextEquiv>
	<Unicode>Dans les premiers temps de l’imprimerie, dans l’ége</Unicode></TextEquiv></TextLine>
	<TextLine id="l269">
	<Coords points="1223,1758 1262,1758 1262,1760 1366,1760 1366,1758 1580,1758 1580,1762 1606,1762 1606,1775 1827,1775 1827,1760 1840,1760 1840,1774 1935,1774 1935,1776 2102,1776 2102,1761 2201,1761 2201,1760 2245,1760 2245,1761 2369,1761 2369,1760 2385,1760 2385,1762 2584,1762 2584,1760 2628,1760 2628,1762 2776,1762 2776,1761 2792,1761 2792,1763 2872,1763 2872,1778 2934,1778 2934,1815 2824,1815 2824,1832 2809,1832 2809,1814 2700,1814 2700,1815 2662,1815 2662,1814 2584,1814 2584,1813 2446,1813 2446,1830 2431,1830 2431,1813 2327,1813 2327,1815 2298,1815 2298,1814 2201,1814 2201,1813 2102,1813 2102,1812 1996,1812 1996,1828 1961,1828 1961,1813 1759,1813 1759,1828 1744,1828 1744,1812 1637,1812 1637,1813 1608,1813 1608,1812 1491,1812 1491,1811 1223,1811"/>
	<Word id="w270">
	<Coords points="1223,1758 1262,1758 1262,1760 1276,1760 1276,1773 1309,1773 1309,1774 1341,1774 1341,1810 1309,1810 1309,1811 1223,1811"/>
	<Glyph id="c271">
	<Coords points="1223,1758 1262,1758 1262,1811 1223,1811"/>
	<TextEquiv>
	<Unicode>d</Unicode></TextEquiv></Glyph>
	<Glyph id="c272">
	<Coords points="1264,1760 1276,1760 1276,1778 1264,1778"/>
	<TextEquiv>
	<Unicode>’</Unicode></TextEquiv></Glyph>
	<Glyph id="c273">
	<Coords points="1276,1773 1309,1773 1309,1811 1276,1811"/>
	<TextEquiv>
	<Unicode>o</Unicode></TextEquiv></Glyph>
	<Glyph id="c274">
	<Coords points="1312,1774 1341,1774 1341,1810 1312,1810"/>
	<TextEquiv>
	<Unicode>r</Unicode></TextEquiv></Glyph>
	<TextEquiv>
	<Unicode>d’or</Unicode></TextEquiv></Word>
	<Word id="w275">
	<Coords points="1366,1758 1403,1758 1403,1774 1464,1774 1464,1811 1366,1811"/>
	<Glyph id="c276">
	<Coords points="1366,1758 1403,1758 1403,1811 1366,1811"/>
	<TextEquiv>
	<Unicode>d</Unicode></TextEquiv></Glyph>
	<Glyph id="c277">
	<Coords points="1406,1774 1436,1774 1436,1811 1406,1811"/>
	<TextEquiv>
	<Unicode>e</Unicode></TextEquiv></Glyph>
	<Glyph id="c278">
	<Coords points="1438,1774 1464,1774 1464,1811 1438,1811"/>
	<TextEquiv>
	<Unicode>s</Unicode></TextEquiv></Glyph>
	<TextEquiv>
	<Unicode>des</Unicode></TextEquiv></Word>
	<Word id="w279">
	<Coords points="1491,1758 1580,1758 1580,1762 1606,1762 1606,1775 1737,1775 1737,1799 1759,1799 1759,1828 1744,1828 1744,1812 1637,1812 1637,1813 1608,1813 1608,1812 1491,1812"/>
	<Glyph id="c280">
	<Coords points="1491,1758 1524,1758 1524,1812 1491,1812"/>
	<TextEquiv>
	<Unicode>é</Unicode></TextEquiv></Glyph>
	<Glyph id="c281">
	<Coords points="1521,1758 1559,1758 1559,1812 1521,1812"/>
	<TextEquiv>
	<Unicode>d</Unicode></TextEquiv></Glyph>
	<Glyph id="c282">
	<Coords points="1564,1758 1580,1758 1580,1811 1564,1811"/>
	<TextEquiv>
	<Unicode>i</Unicode></TextEquiv></Glyph>
	<Glyph id="c283">
	<Coords points="1584,1762 1606,1762 1606,1811 1584,1811"/>
	<TextEquiv>
	<Unicode>t</Unicode></TextEquiv></Glyph>
	<Glyph id="c284">
	<Coords points="1608,1776 1637,1776 1637,1813 1608,1813"/>
	<TextEquiv>
	<Unicode>e</Unicode></TextEquiv></Glyph>
	<Glyph id="c285">
	<Coords points="1640,1776 1677,1776 1677,1812 1640,1812"/>
	<TextEquiv>
	<Unicode>u</Unicode></TextEquiv></Glyph>
	<Glyph id="c286">
	<Coords points="1682,1775 1711,1775 1711,1811 1682,1811"/>
	<TextEquiv>
	<Unicode>r</Unicode></TextEquiv></Glyph>
	<Glyph id="c287">
	<Coords points="1711,1775 1737,1775 1737,1812 1711,1812"/>
	<TextEquiv>
	<Unicode>s</Unicode></TextEquiv></Glyph>
	<Glyph id="c288">
	<Coords points="1744,1799 1759,1799 1759,1828 1744,1828"/>
	<TextEquiv>
	<Unicode>,</Unicode></TextEquiv></Glyph>
	<TextEquiv>
	<Unicode>éditeurs,</Unicode></TextEquiv></Word>
	<Word id="w289">
	<Coords points="1827,1760 1840,1760 1840,1774 1935,1774 1935,1812 1876,1812 1876,1813 1791,1813 1791,1775 1827,1775"/>
	<Glyph id="c290">
	<Coords points="1791,1775 1822,1775 1822,1813 1791,1813"/>
	<TextEquiv>
	<Unicode>a</Unicode></TextEquiv></Glyph>
	<Glyph id="c291">
	<Coords points="1827,1760 1840,1760 1840,1811 1827,1811"/>
	<TextEquiv>
	<Unicode>l</Unicode></TextEquiv></Glyph>
	<Glyph id="c292">
	<Coords points="1844,1775 1876,1775 1876,1813 1844,1813"/>
	<TextEquiv>
	<Unicode>o</Unicode></TextEquiv></Glyph>
	<Glyph id="c293">
	<Coords points="1880,1775 1907,1775 1907,1812 1880,1812"/>
	<TextEquiv>
	<Unicode>r</Unicode></TextEquiv></Glyph>
	<Glyph id="c294">
	<Coords points="1910,1774 1935,1774 1935,1812 1910,1812"/>
	<TextEquiv>
	<Unicode>s</Unicode></TextEquiv></Glyph>
	<TextEquiv>
	<Unicode>alors</Unicode></TextEquiv></Word>
	<Word id="w295">
	<Coords points="1961,1776 2074,1776 2074,1812 1996,1812 1996,1828 1961,1828"/>
	<Glyph id="c296">
	<Coords points="1961,1776 1996,1776 1996,1828 1961,1828"/>
	<TextEquiv>
	<Unicode>q</Unicode></TextEquiv></Glyph>
	<Glyph id="c297">
	<Coords points="2002,1776 2038,1776 2038,1812 2002,1812"/>
	<TextEquiv>
	<Unicode>u</Unicode></TextEquiv></Glyph>
	<Glyph id="c298">
	<Coords points="2044,1776 2074,1776 2074,1812 2044,1812"/>
	<TextEquiv>
	<Unicode>e</Unicode></TextEquiv></Glyph>
	<TextEquiv>
	<Unicode>que</Unicode></TextEquiv></Word>
	<Word id="w299">
	<Coords points="2102,1761 2117,1761 2117,1776 2180,1776 2180,1813 2102,1813"/>
	<Glyph id="c300">
	<Coords points="2102,1761 2117,1761 2117,1813 2102,1813"/>
	<TextEquiv>
	<Unicode>l</Unicode></TextEquiv></Glyph>
	<Glyph id="c301">
	<Coords points="2123,1777 2152,1777 2152,1813 2123,1813"/>
	<TextEquiv>
	<Unicode>e</Unicode></TextEquiv></Glyph>
	<Glyph id="c302">
	<Coords points="2155,1776 2180,1776 2180,1813 2155,1813"/>
	<TextEquiv>
	<Unicode>s</Unicode></TextEquiv></Glyph>
	<TextEquiv>
	<Unicode>les</Unicode></TextEquiv></Word>
	<Word id="w303">
	<Coords points="2201,1760 2245,1760 2245,1761 2369,1761 2369,1760 2385,1760 2385,1777 2417,1777 2417,1802 2446,1802 2446,1830 2431,1830 2431,1813 2327,1813 2327,1815 2298,1815 2298,1814 2201,1814"/>
	<Glyph id="c304">
	<Coords points="2201,1760 2245,1760 2245,1814 2201,1814"/>
	<TextEquiv>
	<Unicode>E</Unicode></TextEquiv></Glyph>
	<Glyph id="c305">
	<Coords points="2249,1762 2262,1762 2262,1813 2249,1813"/>
	<TextEquiv>
	<Unicode>l</Unicode></TextEquiv></Glyph>
	<Glyph id="c306">
	<Coords points="2266,1778 2294,1778 2294,1813 2266,1813"/>
	<TextEquiv>
	<Unicode>z</Unicode></TextEquiv></Glyph>
	<Glyph id="c307">
	<Coords points="2298,1761 2327,1761 2327,1815 2298,1815"/>
	<TextEquiv>
	<Unicode>é</Unicode></TextEquiv></Glyph>
	<Glyph id="c308">
	<Coords points="2330,1777 2364,1777 2364,1813 2330,1813"/>
	<TextEquiv>
	<Unicode>v</Unicode></TextEquiv></Glyph>
	<Glyph id="c309">
	<Coords points="2369,1760 2385,1760 2385,1813 2369,1813"/>
	<TextEquiv>
	<Unicode>i</Unicode></TextEquiv></Glyph>
	<Glyph id="c310">
	<Coords points="2389,1777 2417,1777 2417,1813 2389,1813"/>
	<TextEquiv>
	<Unicode>r</Unicode></TextEquiv></Glyph>
	<Glyph id="c311">
	<Coords points="2431,1802 2446,1802 2446,1830 2431,1830"/>
	<TextEquiv>
	<Unicode>,</Unicode></TextEquiv></Glyph>
	<TextEquiv>
	<Unicode>Elzévir,</Unicode></TextEquiv></Word>
	<Word id="w312">
	<Coords points="2477,1762 2492,1762 2492,1777 2556,1777 2556,1813 2477,1813"/>
	<Glyph id="c313">
	<Coords points="2477,1762 2492,1762 2492,1813 2477,1813"/>
	<TextEquiv>
	<Unicode>l</Unicode></TextEquiv></Glyph>
	<Glyph id="c314">
	<Coords points="2498,1777 2527,1777 2527,1813 2498,1813"/>
	<TextEquiv>
	<Unicode>e</Unicode></TextEquiv></Glyph>
	<Glyph id="c315">
	<Coords points="2530,1777 2556,1777 2556,1813 2530,1813"/>
	<TextEquiv>
	<Unicode>s</Unicode></TextEquiv></Glyph>
	<TextEquiv>
	<Unicode>les</Unicode></TextEquiv></Word>
	<Word id="w316">
	<Coords points="2584,1760 2628,1760 2628,1762 2776,1762 2776,1761 2792,1761 2792,1813 2772,1813 2772,1814 2700,1814 2700,1815 2662,1815 2662,1814 2584,1814"/>
	<Glyph id="c317">
	<Coords points="2584,1760 2628,1760 2628,1814 2584,1814"/>
	<TextEquiv>
	<Unicode>B</Unicode></TextEquiv></Glyph>
	<Glyph id="c318">
	<Coords points="2625,1776 2660,1776 2660,1814 2625,1814"/>
	<TextEquiv>
	<Unicode>o</Unicode></TextEquiv></Glyph>
	<Glyph id="c319">
	<Coords points="2662,1762 2700,1762 2700,1815 2662,1815"/>
	<TextEquiv>
	<Unicode>d</Unicode></TextEquiv></Glyph>
	<Glyph id="c320">
	<Coords points="2701,1777 2733,1777 2733,1814 2701,1814"/>
	<TextEquiv>
	<Unicode>o</Unicode></TextEquiv></Glyph>
	<Glyph id="c321">
	<Coords points="2737,1778 2772,1778 2772,1814 2737,1814"/>
	<TextEquiv>
	<Unicode>n</Unicode></TextEquiv></Glyph>
	<Glyph id="c322">
	<Coords points="2776,1761 2792,1761 2792,1813 2776,1813"/>
	<TextEquiv>
	<Unicode>i</Unicode></TextEquiv></Glyph>
	<TextEquiv>
	<Unicode>Bodoni</Unicode></TextEquiv></Word>
	<Word id="w323">
	<Coords points="2809,1803 2824,1803 2824,1832 2809,1832"/>
	<Glyph id="c324">
	<Coords points="2809,1803 2824,1803 2824,1832 2809,1832"/>
	<TextEquiv>
	<Unicode>,</Unicode></TextEquiv></Glyph>
	<TextEquiv>
	<Unicode>,</Unicode></TextEquiv></Word>
	<Word id="w325">
	<Coords points="2856,1763 2872,1763 2872,1778 2934,1778 2934,1815 2856,1815"/>
	<Glyph id="c326">
	<Coords points="2856,1763 2872,1763 2872,1815 2856,1815"/>
	<TextEquiv>
	<Unicode>l</Unicode></TextEquiv></Glyph>
	<Glyph id="c327">
	<Coords points="2876,1778 2905,1778 2905,1815 2876,1815"/>
	<TextEquiv>
	<Unicode>e</Unicode></TextEquiv></Glyph>
	<Glyph id="c328">
	<Coords points="2908,1778 2934,1778 2934,1815 2908,1815"/>
	<TextEquiv>
	<Unicode>s</Unicode></TextEquiv></Glyph>
	<TextEquiv>
	<Unicode>les</Unicode></TextEquiv></Word>
	<TextEquiv>
	<Unicode>d’or des éditeurs, alors que les Elzévir, les Bodoni , les</Unicode></TextEquiv></TextLine>
	<TextLine id="l329">
	<Coords points="1384,1847 1400,1847 1400,1852 1537,1852 1537,1850 1645,1850 1645,1848 1699,1848 1699,1864 1803,1864 1803,1852 1921,1852 1921,1849 1974,1849 1974,1848 1990,1848 1990,1849 2101,1849 2101,1853 2223,1853 2223,1850 2264,1850 2264,1866 2411,1866 2411,1849 2486,1849 2486,1865 2609,1865 2609,1850 2641,1850 2641,1852 2676,1852 2676,1867 2839,1867 2839,1852 2879,1852 2879,1850 2910,1850 2910,1881 2934,1881 2934,1892 2910,1892 2910,1905 2879,1905 2879,1904 2752,1904 2752,1905 2715,1905 2715,1903 2521,1903 2521,1908 2489,1908 2489,1906 2174,1906 2174,1907 2104,1907 2104,1904 1893,1904 1893,1906 1866,1906 1866,1904 1767,1904 1767,1903 1620,1903 1620,1904 1591,1904 1591,1914 1562,1914 1562,1903 1496,1903 1496,1902 1404,1902 1404,1901 1266,1901 1266,1903 1222,1903 1222,1848 1266,1848 1266,1849 1384,1849"/>
	<Word id="w330">
	<Coords points="1384,1847 1400,1847 1400,1865 1441,1865 1441,1902 1404,1902 1404,1901 1266,1901 1266,1903 1222,1903 1222,1848 1266,1848 1266,1849 1384,1849"/>
	<Glyph id="c331">
	<Coords points="1222,1848 1266,1848 1266,1903 1222,1903"/>
	<TextEquiv>
	<Unicode>P</Unicode></TextEquiv></Glyph>
	<Glyph id="c332">
	<Coords points="1267,1849 1284,1849 1284,1901 1267,1901"/>
	<TextEquiv>
	<Unicode>l</Unicode></TextEquiv></Glyph>
	<Glyph id="c333">
	<Coords points="1286,1865 1318,1865 1318,1901 1286,1901"/>
	<TextEquiv>
	<Unicode>a</Unicode></TextEquiv></Glyph>
	<Glyph id="c334">
	<Coords points="1321,1864 1356,1864 1356,1900 1321,1900"/>
	<TextEquiv>
	<Unicode>n</Unicode></TextEquiv></Glyph>
	<Glyph id="c335">
	<Coords points="1359,1851 1381,1851 1381,1901 1359,1901"/>
	<TextEquiv>
	<Unicode>t</Unicode></TextEquiv></Glyph>
	<Glyph id="c336">
	<Coords points="1384,1847 1400,1847 1400,1901 1384,1901"/>
	<TextEquiv>
	<Unicode>i</Unicode></TextEquiv></Glyph>
	<Glyph id="c337">
	<Coords points="1404,1865 1441,1865 1441,1902 1404,1902"/>
	<TextEquiv>
	<Unicode>n</Unicode></TextEquiv></Glyph>
	<TextEquiv>
	<Unicode>Plantin</Unicode></TextEquiv></Word>
	<Word id="w338">
	<Coords points="1496,1852 1517,1852 1517,1903 1496,1903 1496,1902 1462,1902 1462,1865 1496,1865"/>
	<Glyph id="c339">
	<Coords points="1462,1865 1491,1865 1491,1902 1462,1902"/>
	<TextEquiv>
	<Unicode>e</Unicode></TextEquiv></Glyph>
	<Glyph id="c340">
	<Coords points="1496,1852 1517,1852 1517,1903 1496,1903"/>
	<TextEquiv>
	<Unicode>t</Unicode></TextEquiv></Glyph>
	<TextEquiv>
	<Unicode>et</Unicode></TextEquiv></Word>
	<Word id="w341">
	<Coords points="1537,1850 1557,1850 1557,1865 1620,1865 1620,1904 1591,1904 1591,1914 1562,1914 1562,1901 1537,1901"/>
	<Glyph id="c342">
	<Coords points="1537,1850 1557,1850 1557,1901 1537,1901"/>
	<TextEquiv>
	<Unicode>l</Unicode></TextEquiv></Glyph>
	<Glyph id="c343">
	<Coords points="1562,1865 1591,1865 1591,1914 1562,1914"/>
	<TextEquiv>
	<Unicode>e</Unicode></TextEquiv></Glyph>
	<Glyph id="c344">
	<Coords points="1593,1865 1620,1865 1620,1904 1593,1904"/>
	<TextEquiv>
	<Unicode>s</Unicode></TextEquiv></Glyph>
	<TextEquiv>
	<Unicode>les</Unicode></TextEquiv></Word>
	<Word id="w345">
	<Coords points="1645,1848 1699,1848 1699,1864 1803,1864 1803,1852 1825,1852 1825,1864 1893,1864 1893,1906 1866,1906 1866,1904 1767,1904 1767,1903 1645,1903"/>
	<Glyph id="c346">
	<Coords points="1645,1848 1699,1848 1699,1903 1645,1903"/>
	<TextEquiv>
	<Unicode>M</Unicode></TextEquiv></Glyph>
	<Glyph id="c347">
	<Coords points="1702,1864 1735,1864 1735,1902 1702,1902"/>
	<TextEquiv>
	<Unicode>o</Unicode></TextEquiv></Glyph>
	<Glyph id="c348">
	<Coords points="1738,1865 1767,1865 1767,1902 1738,1902"/>
	<TextEquiv>
	<Unicode>r</Unicode></TextEquiv></Glyph>
	<Glyph id="c349">
	<Coords points="1767,1865 1799,1865 1799,1904 1767,1904"/>
	<TextEquiv>
	<Unicode>e</Unicode></TextEquiv></Glyph>
	<Glyph id="c350">
	<Coords points="1803,1852 1825,1852 1825,1904 1803,1904"/>
	<TextEquiv>
	<Unicode>t</Unicode></TextEquiv></Glyph>
	<Glyph id="c351">
	<Coords points="1825,1865 1865,1865 1865,1904 1825,1904"/>
	<TextEquiv>
	<Unicode>u</Unicode></TextEquiv></Glyph>
	<Glyph id="c352">
	<Coords points="1866,1864 1893,1864 1893,1906 1866,1906"/>
	<TextEquiv>
	<Unicode>s</Unicode></TextEquiv></Glyph>
	<TextEquiv>
	<Unicode>Moretus</Unicode></TextEquiv></Word>
	<Word id="w353">
	<Coords points="1974,1848 1990,1848 1990,1849 2101,1849 2101,1853 2199,1853 2199,1906 2174,1906 2174,1907 2104,1907 2104,1904 1992,1904 1992,1903 1939,1903 1939,1901 1921,1901 1921,1849 1974,1849"/>
	<Glyph id="c354">
	<Coords points="1921,1849 1938,1849 1938,1901 1921,1901"/>
	<TextEquiv>
	<Unicode>l</Unicode></TextEquiv></Glyph>
	<Glyph id="c355">
	<Coords points="1939,1865 1971,1865 1971,1903 1939,1903"/>
	<TextEquiv>
	<Unicode>a</Unicode></TextEquiv></Glyph>
	<Glyph id="c356">
	<Coords points="1974,1848 1990,1848 1990,1903 1974,1903"/>
	<TextEquiv>
	<Unicode>i</Unicode></TextEquiv></Glyph>
	<Glyph id="c357">
	<Coords points="1992,1865 2021,1865 2021,1904 1992,1904"/>
	<TextEquiv>
	<Unicode>s</Unicode></TextEquiv></Glyph>
	<Glyph id="c358">
	<Coords points="2017,1865 2047,1865 2047,1904 2017,1904"/>
	<TextEquiv>
	<Unicode>s</Unicode></TextEquiv></Glyph>
	<Glyph id="c359">
	<Coords points="2049,1866 2080,1866 2080,1903 2049,1903"/>
	<TextEquiv>
	<Unicode>a</Unicode></TextEquiv></Glyph>
	<Glyph id="c360">
	<Coords points="2085,1849 2101,1849 2101,1904 2085,1904"/>
	<TextEquiv>
	<Unicode>i</Unicode></TextEquiv></Glyph>
	<Glyph id="c361">
	<Coords points="2104,1865 2137,1865 2137,1907 2104,1907"/>
	<TextEquiv>
	<Unicode>e</Unicode></TextEquiv></Glyph>
	<Glyph id="c362">
	<Coords points="2135,1865 2174,1865 2174,1907 2135,1907"/>
	<TextEquiv>
	<Unicode>n</Unicode></TextEquiv></Glyph>
	<Glyph id="c363">
	<Coords points="2177,1853 2199,1853 2199,1906 2177,1906"/>
	<TextEquiv>
	<Unicode>t</Unicode></TextEquiv></Glyph>
	<TextEquiv>
	<Unicode>laissaient</Unicode></TextEquiv></Word>
	<Word id="w364">
	<Coords points="2223,1850 2264,1850 2264,1866 2325,1866 2325,1905 2264,1905 2264,1906 2223,1906"/>
	<Glyph id="c365">
	<Coords points="2223,1850 2264,1850 2264,1906 2223,1906"/>
	<TextEquiv>
	<Unicode>d</Unicode></TextEquiv></Glyph>
	<Glyph id="c366">
	<Coords points="2267,1867 2295,1867 2295,1904 2267,1904"/>
	<TextEquiv>
	<Unicode>e</Unicode></TextEquiv></Glyph>
	<Glyph id="c367">
	<Coords points="2299,1866 2325,1866 2325,1905 2299,1905"/>
	<TextEquiv>
	<Unicode>s</Unicode></TextEquiv></Glyph>
	<TextEquiv>
	<Unicode>des</Unicode></TextEquiv></Word>
	<Word id="w368">
	<Coords points="2411,1849 2486,1849 2486,1865 2590,1865 2590,1903 2521,1903 2521,1908 2489,1908 2489,1906 2351,1906 2351,1866 2411,1866"/>
	<Glyph id="c369">
	<Coords points="2351,1866 2408,1866 2408,1906 2351,1906"/>
	<TextEquiv>
	<Unicode>m</Unicode></TextEquiv></Glyph>
	<Glyph id="c370">
	<Coords points="2411,1849 2427,1849 2427,1903 2411,1903"/>
	<TextEquiv>
	<Unicode>i</Unicode></TextEquiv></Glyph>
	<Glyph id="c371">
	<Coords points="2430,1852 2445,1852 2445,1903 2430,1903"/>
	<TextEquiv>
	<Unicode>l</Unicode></TextEquiv></Glyph>
	<Glyph id="c372">
	<Coords points="2449,1851 2467,1851 2467,1905 2449,1905"/>
	<TextEquiv>
	<Unicode>l</Unicode></TextEquiv></Glyph>
	<Glyph id="c373">
	<Coords points="2471,1849 2486,1849 2486,1905 2471,1905"/>
	<TextEquiv>
	<Unicode>i</Unicode></TextEquiv></Glyph>
	<Glyph id="c374">
	<Coords points="2489,1866 2521,1866 2521,1908 2489,1908"/>
	<TextEquiv>
	<Unicode>o</Unicode></TextEquiv></Glyph>
	<Glyph id="c375">
	<Coords points="2526,1866 2562,1866 2562,1903 2526,1903"/>
	<TextEquiv>
	<Unicode>n</Unicode></TextEquiv></Glyph>
	<Glyph id="c376">
	<Coords points="2564,1865 2590,1865 2590,1903 2564,1903"/>
	<TextEquiv>
	<Unicode>s</Unicode></TextEquiv></Glyph>
	<TextEquiv>
	<Unicode>millions</Unicode></TextEquiv></Word>
	<Word id="w377">
	<Coords points="2609,1850 2641,1850 2641,1903 2609,1903"/>
	<Glyph id="c378">
	<Coords points="2609,1850 2641,1850 2641,1903 2609,1903"/>
	<TextEquiv>
	<Unicode>a</Unicode></TextEquiv></Glyph>
	<TextEquiv>
	<Unicode>a</Unicode></TextEquiv></Word>
	<Word id="w379">
	<Coords points="2663,1852 2676,1852 2676,1867 2812,1867 2812,1904 2752,1904 2752,1905 2715,1905 2715,1903 2663,1903"/>
	<Glyph id="c380">
	<Coords points="2663,1852 2676,1852 2676,1903 2663,1903"/>
	<TextEquiv>
	<Unicode>l</Unicode></TextEquiv></Glyph>
	<Glyph id="c381">
	<Coords points="2682,1867 2711,1867 2711,1903 2682,1903"/>
	<TextEquiv>
	<Unicode>e</Unicode></TextEquiv></Glyph>
	<Glyph id="c382">
	<Coords points="2715,1867 2752,1867 2752,1905 2715,1905"/>
	<TextEquiv>
	<Unicode>u</Unicode></TextEquiv></Glyph>
	<Glyph id="c383">
	<Coords points="2757,1867 2785,1867 2785,1903 2757,1903"/>
	<TextEquiv>
	<Unicode>r</Unicode></TextEquiv></Glyph>
	<Glyph id="c384">
	<Coords points="2787,1867 2812,1867 2812,1904 2787,1904"/>
	<TextEquiv>
	<Unicode>s</Unicode></TextEquiv></Glyph>
	<TextEquiv>
	<Unicode>leurs</Unicode></TextEquiv></Word>
	<Word id="w385">
	<Coords points="2879,1850 2910,1850 2910,1881 2934,1881 2934,1892 2910,1892 2910,1905 2879,1905 2879,1903 2839,1903 2839,1852 2879,1852"/>
	<Glyph id="c386">
	<Coords points="2839,1852 2874,1852 2874,1903 2839,1903"/>
	<TextEquiv>
	<Unicode>h</Unicode></TextEquiv></Glyph>
	<Glyph id="c387">
	<Coords points="2879,1850 2910,1850 2910,1905 2879,1905"/>
	<TextEquiv>
	<Unicode>é</Unicode></TextEquiv></Glyph>
	<Glyph id="c388">
	<Coords points="2907,1881 2934,1881 2934,1892 2907,1892"/>
	<TextEquiv>
	<Unicode>—</Unicode></TextEquiv></Glyph>
	<TextEquiv>
	<Unicode>hé—</Unicode></TextEquiv></Word>
	<TextEquiv>
	<Unicode>Plantin et les Moretus laissaient des millions a leurs hé—</Unicode></TextEquiv></TextLine>
	<TextLine id="l389">
	<Coords points="1255,1937 1315,1937 1315,1953 1407,1953 1407,1954 1575,1954 1575,1937 1651,1937 1651,1941 1677,1941 1677,1954 1812,1954 1812,1941 1832,1941 1832,1954 2014,1954 2014,1938 2103,1938 2103,1955 2115,1955 2115,1956 2219,1956 2219,1943 2238,1943 2238,1955 2300,1955 2300,1956 2554,1956 2554,1955 2607,1955 2607,1941 2629,1941 2629,1939 2643,1939 2643,1956 2795,1956 2795,1941 2832,1941 2832,1956 2933,1956 2933,1993 2865,1993 2865,1994 2834,1994 2834,1993 2339,1993 2339,2009 2303,2009 2303,1993 2084,1993 2084,1992 1812,1992 1812,1991 1708,1991 1708,1992 1679,1992 1679,1991 1500,1991 1500,1992 1438,1992 1438,2006 1423,2006 1423,1991 1382,1991 1382,1990 1223,1990 1223,1954 1255,1954"/>
	<Word id="w390">
	<Coords points="1255,1937 1315,1937 1315,1953 1407,1953 1407,1991 1382,1991 1382,1990 1223,1990 1223,1954 1255,1954"/>
	<Glyph id="c391">
	<Coords points="1223,1954 1252,1954 1252,1990 1223,1990"/>
	<TextEquiv>
	<Unicode>r</Unicode></TextEquiv></Glyph>
	<Glyph id="c392">
	<Coords points="1255,1937 1271,1937 1271,1989 1255,1989"/>
	<TextEquiv>
	<Unicode>i</Unicode></TextEquiv></Glyph>
	<Glyph id="c393">
	<Coords points="1274,1941 1296,1941 1296,1990 1274,1990"/>
	<TextEquiv>
	<Unicode>t</Unicode></TextEquiv></Glyph>
	<Glyph id="c394">
	<Coords points="1299,1937 1315,1937 1315,1990 1299,1990"/>
	<TextEquiv>
	<Unicode>i</Unicode></TextEquiv></Glyph>
	<Glyph id="c395">
	<Coords points="1319,1953 1349,1953 1349,1990 1319,1990"/>
	<TextEquiv>
	<Unicode>e</Unicode></TextEquiv></Glyph>
	<Glyph id="c396">
	<Coords points="1352,1954 1381,1954 1381,1990 1352,1990"/>
	<TextEquiv>
	<Unicode>r</Unicode></TextEquiv></Glyph>
	<Glyph id="c397">
	<Coords points="1382,1953 1407,1953 1407,1991 1382,1991"/>
	<TextEquiv>
	<Unicode>s</Unicode></TextEquiv></Glyph>
	<TextEquiv>
	<Unicode>ritiers</Unicode></TextEquiv></Word>
	<Word id="w398">
	<Coords points="1423,1977 1438,1977 1438,2006 1423,2006"/>
	<Glyph id="c399">
	<Coords points="1423,1977 1438,1977 1438,2006 1423,2006"/>
	<TextEquiv>
	<Unicode>,</Unicode></TextEquiv></Glyph>
	<TextEquiv>
	<Unicode>,</Unicode></TextEquiv></Word>
	<Word id="w400">
	<Coords points="1506,1954 1543,1954 1543,1991 1500,1991 1500,1992 1464,1992 1464,1955 1506,1955"/>
	<Glyph id="c401">
	<Coords points="1464,1955 1500,1955 1500,1992 1464,1992"/>
	<TextEquiv>
	<Unicode>u</Unicode></TextEquiv></Glyph>
	<Glyph id="c402">
	<Coords points="1506,1954 1543,1954 1543,1991 1506,1991"/>
	<TextEquiv>
	<Unicode>n</Unicode></TextEquiv></Glyph>
	<TextEquiv>
	<Unicode>un</Unicode></TextEquiv></Word>
	<Word id="w403">
	<Coords points="1575,1937 1651,1937 1651,1941 1677,1941 1677,1954 1750,1954 1750,1955 1783,1955 1783,1991 1708,1991 1708,1992 1679,1992 1679,1991 1564,1991 1564,1954 1575,1954"/>
	<Glyph id="c404">
	<Coords points="1564,1954 1593,1954 1593,1991 1564,1991"/>
	<TextEquiv>
	<Unicode>e</Unicode></TextEquiv></Glyph>
	<Glyph id="c405">
	<Coords points="1575,1937 1587,1937 1587,1952 1575,1952"/>
	<TextEquiv>
	<Unicode>'</Unicode></TextEquiv></Glyph>
	<Glyph id="c406">
	<Coords points="1595,1937 1630,1937 1630,1991 1595,1991"/>
	<TextEquiv>
	<Unicode>d</Unicode></TextEquiv></Glyph>
	<Glyph id="c407">
	<Coords points="1634,1937 1651,1937 1651,1990 1634,1990"/>
	<TextEquiv>
	<Unicode>i</Unicode></TextEquiv></Glyph>
	<Glyph id="c408">
	<Coords points="1655,1941 1677,1941 1677,1991 1655,1991"/>
	<TextEquiv>
	<Unicode>t</Unicode></TextEquiv></Glyph>
	<Glyph id="c409">
	<Coords points="1679,1955 1708,1955 1708,1992 1679,1992"/>
	<TextEquiv>
	<Unicode>e</Unicode></TextEquiv></Glyph>
	<Glyph id="c410">
	<Coords points="1712,1954 1750,1954 1750,1991 1712,1991"/>
	<TextEquiv>
	<Unicode>u</Unicode></TextEquiv></Glyph>
	<Glyph id="c411">
	<Coords points="1754,1955 1783,1955 1783,1991 1754,1991"/>
	<TextEquiv>
	<Unicode>r</Unicode></TextEquiv></Glyph>
	<TextEquiv>
	<Unicode>e'diteur</Unicode></TextEquiv></Word>
	<Word id="w412">
	<Coords points="2014,1938 2029,1938 2029,1942 2057,1942 2057,1992 1812,1992 1812,1941 1832,1941 1832,1954 2014,1954"/>
	<Glyph id="c413">
	<Coords points="1812,1941 1832,1941 1832,1992 1812,1992"/>
	<TextEquiv>
	<Unicode>t</Unicode></TextEquiv></Glyph>
	<Glyph id="c414">
	<Coords points="1836,1955 1865,1955 1865,1991 1836,1991"/>
	<TextEquiv>
	<Unicode>r</Unicode></TextEquiv></Glyph>
	<Glyph id="c415">
	<Coords points="1866,1954 1899,1954 1899,1992 1866,1992"/>
	<TextEquiv>
	<Unicode>o</Unicode></TextEquiv></Glyph>
	<Glyph id="c416">
	<Coords points="1902,1954 1940,1954 1940,1991 1902,1991"/>
	<TextEquiv>
	<Unicode>u</Unicode></TextEquiv></Glyph>
	<Glyph id="c417">
	<Coords points="1944,1954 1978,1954 1978,1989 1944,1989"/>
	<TextEquiv>
	<Unicode>v</Unicode></TextEquiv></Glyph>
	<Glyph id="c418">
	<Coords points="1980,1955 2010,1955 2010,1992 1980,1992"/>
	<TextEquiv>
	<Unicode>a</Unicode></TextEquiv></Glyph>
	<Glyph id="c419">
	<Coords points="2014,1938 2029,1938 2029,1991 2014,1991"/>
	<TextEquiv>
	<Unicode>i</Unicode></TextEquiv></Glyph>
	<Glyph id="c420">
	<Coords points="2034,1942 2057,1942 2057,1992 2034,1992"/>
	<TextEquiv>
	<Unicode>t</Unicode></TextEquiv></Glyph>
	<TextEquiv>
	<Unicode>trouvait</Unicode></TextEquiv></Word>
	<Word id="w421">
	<Coords points="2090,1938 2103,1938 2103,1955 2115,1955 2115,1993 2084,1993 2084,1956 2090,1956"/>
	<Glyph id="c422">
	<Coords points="2084,1956 2098,1956 2098,1993 2084,1993"/>
	<TextEquiv>
	<Unicode>:</Unicode></TextEquiv></Glyph>
	<Glyph id="c423">
	<Coords points="2090,1938 2103,1938 2103,1993 2090,1993"/>
	<TextEquiv>
	<Unicode>3</Unicode></TextEquiv></Glyph>
	<Glyph id="c424">
	<Coords points="2096,1955 2115,1955 2115,1993 2096,1993"/>
	<TextEquiv>
	<Unicode>1</Unicode></TextEquiv></Glyph>
	<TextEquiv>
	<Unicode>:31</Unicode></TextEquiv></Word>
	<Word id="w425">
	<Coords points="2219,1943 2238,1943 2238,1955 2300,1955 2300,1956 2466,1956 2466,1993 2339,1993 2339,2009 2303,2009 2303,1993 2178,1993 2178,1992 2144,1992 2144,1956 2219,1956"/>
	<Glyph id="c426">
	<Coords points="2144,1956 2174,1956 2174,1992 2144,1992"/>
	<TextEquiv>
	<Unicode>e</Unicode></TextEquiv></Glyph>
	<Glyph id="c427">
	<Coords points="2178,1956 2212,1956 2212,1993 2178,1993"/>
	<TextEquiv>
	<Unicode>n</Unicode></TextEquiv></Glyph>
	<Glyph id="c428">
	<Coords points="2219,1943 2238,1943 2238,1992 2219,1992"/>
	<TextEquiv>
	<Unicode>t</Unicode></TextEquiv></Glyph>
	<Glyph id="c429">
	<Coords points="2242,1955 2269,1955 2269,1992 2242,1992"/>
	<TextEquiv>
	<Unicode>r</Unicode></TextEquiv></Glyph>
	<Glyph id="c430">
	<Coords points="2271,1955 2300,1955 2300,1993 2271,1993"/>
	<TextEquiv>
	<Unicode>e</Unicode></TextEquiv></Glyph>
	<Glyph id="c431">
	<Coords points="2303,1956 2339,1956 2339,2009 2303,2009"/>
	<TextEquiv>
	<Unicode>p</Unicode></TextEquiv></Glyph>
	<Glyph id="c432">
	<Coords points="2342,1956 2373,1956 2373,1993 2342,1993"/>
	<TextEquiv>
	<Unicode>o</Unicode></TextEquiv></Glyph>
	<Glyph id="c433">
	<Coords points="2377,1956 2403,1956 2403,1993 2377,1993"/>
	<TextEquiv>
	<Unicode>s</Unicode></TextEquiv></Glyph>
	<Glyph id="c434">
	<Coords points="2405,1956 2435,1956 2435,1993 2405,1993"/>
	<TextEquiv>
	<Unicode>e</Unicode></TextEquiv></Glyph>
	<Glyph id="c435">
	<Coords points="2437,1956 2466,1956 2466,1993 2437,1993"/>
	<TextEquiv>
	<Unicode>r</Unicode></TextEquiv></Glyph>
	<TextEquiv>
	<Unicode>entreposer</Unicode></TextEquiv></Word>
	<Word id="w436">
	<Coords points="2554,1955 2580,1955 2580,1993 2494,1993 2494,1956 2554,1956"/>
	<Glyph id="c437">
	<Coords points="2494,1956 2520,1956 2520,1993 2494,1993"/>
	<TextEquiv>
	<Unicode>s</Unicode></TextEquiv></Glyph>
	<Glyph id="c438">
	<Coords points="2522,1956 2551,1956 2551,1992 2522,1992"/>
	<TextEquiv>
	<Unicode>e</Unicode></TextEquiv></Glyph>
	<Glyph id="c439">
	<Coords points="2554,1955 2580,1955 2580,1993 2554,1993"/>
	<TextEquiv>
	<Unicode>s</Unicode></TextEquiv></Glyph>
	<TextEquiv>
	<Unicode>ses</Unicode></TextEquiv></Word>
	<Word id="w440">
	<Coords points="2629,1939 2643,1939 2643,1956 2775,1956 2775,1993 2607,1993 2607,1941 2629,1941"/>
	<Glyph id="c441">
	<Coords points="2607,1941 2624,1941 2624,1993 2607,1993"/>
	<TextEquiv>
	<Unicode>l</Unicode></TextEquiv></Glyph>
	<Glyph id="c442">
	<Coords points="2629,1939 2643,1939 2643,1992 2629,1992"/>
	<TextEquiv>
	<Unicode>i</Unicode></TextEquiv></Glyph>
	<Glyph id="c443">
	<Coords points="2650,1956 2683,1956 2683,1992 2650,1992"/>
	<TextEquiv>
	<Unicode>v</Unicode></TextEquiv></Glyph>
	<Glyph id="c444">
	<Coords points="2686,1957 2715,1957 2715,1992 2686,1992"/>
	<TextEquiv>
	<Unicode>r</Unicode></TextEquiv></Glyph>
	<Glyph id="c445">
	<Coords points="2717,1956 2747,1956 2747,1993 2717,1993"/>
	<TextEquiv>
	<Unicode>e</Unicode></TextEquiv></Glyph>
	<Glyph id="c446">
	<Coords points="2749,1956 2775,1956 2775,1993 2749,1993"/>
	<TextEquiv>
	<Unicode>s</Unicode></TextEquiv></Glyph>
	<TextEquiv>
	<Unicode>livres</Unicode></TextEquiv></Word>
	<Word id="w447">
	<Coords points="2795,1941 2832,1941 2832,1956 2933,1956 2933,1993 2865,1993 2865,1994 2834,1994 2834,1993 2795,1993"/>
	<Glyph id="c448">
	<Coords points="2795,1941 2832,1941 2832,1993 2795,1993"/>
	<TextEquiv>
	<Unicode>d</Unicode></TextEquiv></Glyph>
	<Glyph id="c449">
	<Coords points="2834,1956 2865,1956 2865,1994 2834,1994"/>
	<TextEquiv>
	<Unicode>a</Unicode></TextEquiv></Glyph>
	<Glyph id="c450">
	<Coords points="2868,1957 2904,1957 2904,1993 2868,1993"/>
	<TextEquiv>
	<Unicode>n</Unicode></TextEquiv></Glyph>
	<Glyph id="c451">
	<Coords points="2907,1956 2933,1956 2933,1993 2907,1993"/>
	<TextEquiv>
	<Unicode>s</Unicode></TextEquiv></Glyph>
	<TextEquiv>
	<Unicode>dans</Unicode></TextEquiv></Word>
	<TextEquiv>
	<Unicode>ritiers , un e'diteur trouvait :31 entreposer ses livres dans</Unicode></TextEquiv></TextLine>
	<TextLine id="l452">
	<Coords points="2129,2014 2174,2014 2174,2044 2310,2044 2310,2029 2327,2029 2327,2045 2449,2045 2449,2044 2483,2044 2483,2028 2524,2028 2524,2027 2539,2027 2539,2045 2862,2045 2862,2028 2878,2028 2878,2046 2908,2046 2908,2060 2933,2060 2933,2068 2908,2068 2908,2083 2655,2083 2655,2101 2624,2101 2624,2098 2542,2098 2542,2083 2330,2083 2330,2082 2174,2082 2174,2098 2129,2098 2129,2081 2071,2081 2071,2080 1872,2080 1872,2095 1836,2095 1836,2080 1736,2080 1736,2079 1652,2079 1652,2078 1246,2078 1246,2077 1222,2077 1222,2029 1323,2029 1323,2028 1437,2028 1437,2027 1454,2027 1454,2041 1593,2041 1593,2025 1609,2025 1609,2027 1736,2027 1736,2026 1773,2026 1773,2042 1979,2042 1979,2026 1995,2026 1995,2043 2129,2043"/>
	<Word id="w453">
	<Coords points="1323,2028 1345,2028 1345,2041 1404,2041 1404,2078 1246,2078 1246,2077 1222,2077 1222,2029 1323,2029"/>
	<Glyph id="c454">
	<Coords points="1222,2029 1245,2029 1245,2077 1222,2077"/>
	<TextEquiv>
	<Unicode>t</Unicode></TextEquiv></Glyph>
	<Glyph id="c455">
	<Coords points="1246,2041 1279,2041 1279,2078 1246,2078"/>
	<TextEquiv>
	<Unicode>o</Unicode></TextEquiv></Glyph>
	<Glyph id="c456">
	<Coords points="1281,2041 1319,2041 1319,2078 1281,2078"/>
	<TextEquiv>
	<Unicode>u</Unicode></TextEquiv></Glyph>
	<Glyph id="c457">
	<Coords points="1323,2028 1345,2028 1345,2078 1323,2078"/>
	<TextEquiv>
	<Unicode>t</Unicode></TextEquiv></Glyph>
	<Glyph id="c458">
	<Coords points="1347,2042 1376,2042 1376,2078 1347,2078"/>
	<TextEquiv>
	<Unicode>e</Unicode></TextEquiv></Glyph>
	<Glyph id="c459">
	<Coords points="1379,2041 1404,2041 1404,2078 1379,2078"/>
	<TextEquiv>
	<Unicode>s</Unicode></TextEquiv></Glyph>
	<TextEquiv>
	<Unicode>toutes</Unicode></TextEquiv></Word>
	<Word id="w460">
	<Coords points="1437,2027 1454,2027 1454,2041 1515,2041 1515,2078 1437,2078"/>
	<Glyph id="c461">
	<Coords points="1437,2027 1454,2027 1454,2078 1437,2078"/>
	<TextEquiv>
	<Unicode>l</Unicode></TextEquiv></Glyph>
	<Glyph id="c462">
	<Coords points="1457,2042 1486,2042 1486,2078 1457,2078"/>
	<TextEquiv>
	<Unicode>e</Unicode></TextEquiv></Glyph>
	<Glyph id="c463">
	<Coords points="1489,2041 1515,2041 1515,2078 1489,2078"/>
	<TextEquiv>
	<Unicode>s</Unicode></TextEquiv></Glyph>
	<TextEquiv>
	<Unicode>les</Unicode></TextEquiv></Word>
	<Word id="w464">
	<Coords points="1593,2025 1609,2025 1609,2027 1648,2027 1648,2042 1711,2042 1711,2079 1652,2079 1652,2078 1554,2078 1554,2042 1593,2042"/>
	<Glyph id="c465">
	<Coords points="1554,2042 1589,2042 1589,2078 1554,2078"/>
	<TextEquiv>
	<Unicode>v</Unicode></TextEquiv></Glyph>
	<Glyph id="c466">
	<Coords points="1593,2025 1609,2025 1609,2078 1593,2078"/>
	<TextEquiv>
	<Unicode>i</Unicode></TextEquiv></Glyph>
	<Glyph id="c467">
	<Coords points="1615,2027 1627,2027 1627,2078 1615,2078"/>
	<TextEquiv>
	<Unicode>l</Unicode></TextEquiv></Glyph>
	<Glyph id="c468">
	<Coords points="1633,2027 1648,2027 1648,2078 1633,2078"/>
	<TextEquiv>
	<Unicode>l</Unicode></TextEquiv></Glyph>
	<Glyph id="c469">
	<Coords points="1652,2042 1681,2042 1681,2079 1652,2079"/>
	<TextEquiv>
	<Unicode>e</Unicode></TextEquiv></Glyph>
	<Glyph id="c470">
	<Coords points="1684,2042 1711,2042 1711,2079 1684,2079"/>
	<TextEquiv>
	<Unicode>s</Unicode></TextEquiv></Glyph>
	<TextEquiv>
	<Unicode>villes</Unicode></TextEquiv></Word>
	<Word id="w471">
	<Coords points="1736,2026 1773,2026 1773,2042 1806,2042 1806,2080 1736,2080"/>
	<Glyph id="c472">
	<Coords points="1736,2026 1773,2026 1773,2080 1736,2080"/>
	<TextEquiv>
	<Unicode>d</Unicode></TextEquiv></Glyph>
	<Glyph id="c473">
	<Coords points="1776,2042 1806,2042 1806,2080 1776,2080"/>
	<TextEquiv>
	<Unicode>e</Unicode></TextEquiv></Glyph>
	<TextEquiv>
	<Unicode>de</Unicode></TextEquiv></Word>
	<Word id="w474">
	<Coords points="1979,2026 1995,2026 1995,2043 2069,2043 2069,2044 2100,2044 2100,2081 2071,2081 2071,2080 1872,2080 1872,2095 1836,2095 1836,2042 1979,2042"/>
	<Glyph id="c475">
	<Coords points="1836,2042 1872,2042 1872,2095 1836,2095"/>
	<TextEquiv>
	<Unicode>p</Unicode></TextEquiv></Glyph>
	<Glyph id="c476">
	<Coords points="1876,2043 1903,2043 1903,2079 1876,2079"/>
	<TextEquiv>
	<Unicode>r</Unicode></TextEquiv></Glyph>
	<Glyph id="c477">
	<Coords points="1905,2042 1936,2042 1936,2080 1905,2080"/>
	<TextEquiv>
	<Unicode>o</Unicode></TextEquiv></Glyph>
	<Glyph id="c478">
	<Coords points="1939,2042 1974,2042 1974,2079 1939,2079"/>
	<TextEquiv>
	<Unicode>v</Unicode></TextEquiv></Glyph>
	<Glyph id="c479">
	<Coords points="1979,2026 1995,2026 1995,2079 1979,2079"/>
	<TextEquiv>
	<Unicode>i</Unicode></TextEquiv></Glyph>
	<Glyph id="c480">
	<Coords points="1999,2044 2034,2044 2034,2080 1999,2080"/>
	<TextEquiv>
	<Unicode>n</Unicode></TextEquiv></Glyph>
	<Glyph id="c481">
	<Coords points="2039,2043 2069,2043 2069,2080 2039,2080"/>
	<TextEquiv>
	<Unicode>c</Unicode></TextEquiv></Glyph>
	<Glyph id="c482">
	<Coords points="2071,2044 2100,2044 2100,2081 2071,2081"/>
	<TextEquiv>
	<Unicode>e</Unicode></TextEquiv></Glyph>
	<TextEquiv>
	<Unicode>province</Unicode></TextEquiv></Word>
	<Word id="w483">
	<Coords points="2129,2014 2174,2014 2174,2044 2209,2044 2209,2045 2284,2045 2284,2081 2248,2081 2248,2082 2174,2082 2174,2098 2129,2098"/>
	<Glyph id="c484">
	<Coords points="2129,2014 2174,2014 2174,2098 2129,2098"/>
	<TextEquiv>
	<Unicode>p</Unicode></TextEquiv></Glyph>
	<Glyph id="c485">
	<Coords points="2175,2044 2209,2044 2209,2082 2175,2082"/>
	<TextEquiv>
	<Unicode>o</Unicode></TextEquiv></Glyph>
	<Glyph id="c486">
	<Coords points="2212,2045 2248,2045 2248,2082 2212,2082"/>
	<TextEquiv>
	<Unicode>u</Unicode></TextEquiv></Glyph>
	<Glyph id="c487">
	<Coords points="2255,2045 2284,2045 2284,2081 2255,2081"/>
	<TextEquiv>
	<Unicode>r</Unicode></TextEquiv></Glyph>
	<TextEquiv>
	<Unicode>pour</Unicode></TextEquiv></Word>
	<Word id="w488">
	<Coords points="2310,2029 2327,2029 2327,2045 2361,2045 2361,2083 2330,2083 2330,2082 2310,2082"/>
	<Glyph id="c489">
	<Coords points="2310,2029 2327,2029 2327,2082 2310,2082"/>
	<TextEquiv>
	<Unicode>l</Unicode></TextEquiv></Glyph>
	<Glyph id="c490">
	<Coords points="2330,2045 2361,2045 2361,2083 2330,2083"/>
	<TextEquiv>
	<Unicode>a</Unicode></TextEquiv></Glyph>
	<TextEquiv>
	<Unicode>la</Unicode></TextEquiv></Word>
	<Word id="w491">
	<Coords points="2524,2027 2539,2027 2539,2045 2655,2045 2655,2101 2624,2101 2624,2098 2542,2098 2542,2083 2392,2083 2392,2045 2449,2045 2449,2044 2483,2044 2483,2028 2524,2028"/>
	<Glyph id="c492">
	<Coords points="2392,2045 2445,2045 2445,2083 2392,2083"/>
	<TextEquiv>
	<Unicode>m</Unicode></TextEquiv></Glyph>
	<Glyph id="c493">
	<Coords points="2449,2044 2480,2044 2480,2082 2449,2082"/>
	<TextEquiv>
	<Unicode>o</Unicode></TextEquiv></Glyph>
	<Glyph id="c494">
	<Coords points="2483,2028 2520,2028 2520,2081 2483,2081"/>
	<TextEquiv>
	<Unicode>d</Unicode></TextEquiv></Glyph>
	<Glyph id="c495">
	<Coords points="2524,2027 2539,2027 2539,2081 2524,2081"/>
	<TextEquiv>
	<Unicode>i</Unicode></TextEquiv></Glyph>
	<Glyph id="c496">
	<Coords points="2542,2045 2577,2045 2577,2098 2542,2098"/>
	<TextEquiv>
	<Unicode>q</Unicode></TextEquiv></Glyph>
	<Glyph id="c497">
	<Coords points="2582,2045 2619,2045 2619,2082 2582,2082"/>
	<TextEquiv>
	<Unicode>u</Unicode></TextEquiv></Glyph>
	<Glyph id="c498">
	<Coords points="2624,2045 2655,2045 2655,2101 2624,2101"/>
	<TextEquiv>
	<Unicode>e</Unicode></TextEquiv></Glyph>
	<TextEquiv>
	<Unicode>modique</Unicode></TextEquiv></Word>
	<Word id="w499">
	<Coords points="2862,2028 2878,2028 2878,2046 2908,2046 2908,2060 2933,2060 2933,2068 2908,2068 2908,2083 2680,2083 2680,2045 2862,2045"/>
	<Glyph id="c500">
	<Coords points="2680,2045 2710,2045 2710,2083 2680,2083"/>
	<TextEquiv>
	<Unicode>c</Unicode></TextEquiv></Glyph>
	<Glyph id="c501">
	<Coords points="2711,2045 2742,2045 2742,2083 2711,2083"/>
	<TextEquiv>
	<Unicode>o</Unicode></TextEquiv></Glyph>
	<Glyph id="c502">
	<Coords points="2747,2045 2801,2045 2801,2082 2747,2082"/>
	<TextEquiv>
	<Unicode>m</Unicode></TextEquiv></Glyph>
	<Glyph id="c503">
	<Coords points="2805,2045 2860,2045 2860,2083 2805,2083"/>
	<TextEquiv>
	<Unicode>m</Unicode></TextEquiv></Glyph>
	<Glyph id="c504">
	<Coords points="2862,2028 2878,2028 2878,2082 2862,2082"/>
	<TextEquiv>
	<Unicode>i</Unicode></TextEquiv></Glyph>
	<Glyph id="c505">
	<Coords points="2883,2046 2908,2046 2908,2083 2883,2083"/>
	<TextEquiv>
	<Unicode>s</Unicode></TextEquiv></Glyph>
	<Glyph id="c506">
	<Coords points="2913,2060 2933,2060 2933,2068 2913,2068"/>
	<TextEquiv>
	<Unicode>-</Unicode></TextEquiv></Glyph>
	<TextEquiv>
	<Unicode>commis-</Unicode></TextEquiv></Word>
	<TextEquiv>
	<Unicode>toutes les villes de province pour la modique commis-</Unicode></TextEquiv></TextLine>
	<TextLine id="l507">
	<Coords points="1245,2114 1267,2114 1267,2115 1402,2115 1402,2116 1491,2116 1491,2132 1603,2132 1603,2122 1611,2122 1611,2121 1644,2121 1644,2155 1682,2155 1682,2170 1665,2170 1665,2177 1644,2177 1644,2188 1611,2188 1611,2184 1517,2184 1517,2169 1304,2169 1304,2168 1222,2168 1222,2130 1245,2130"/>
	<Word id="w508">
	<Coords points="1245,2114 1267,2114 1267,2128 1302,2128 1302,2132 1341,2132 1341,2169 1304,2169 1304,2168 1222,2168 1222,2130 1245,2130"/>
	<Glyph id="c509">
	<Coords points="1222,2130 1250,2130 1250,2168 1222,2168"/>
	<TextEquiv>
	<Unicode>s</Unicode></TextEquiv></Glyph>
	<Glyph id="c510">
	<Coords points="1245,2114 1267,2114 1267,2168 1245,2168"/>
	<TextEquiv>
	<Unicode>i</Unicode></TextEquiv></Glyph>
	<Glyph id="c511">
	<Coords points="1262,2128 1302,2128 1302,2168 1262,2168"/>
	<TextEquiv>
	<Unicode>o</Unicode></TextEquiv></Glyph>
	<Glyph id="c512">
	<Coords points="1304,2132 1341,2132 1341,2169 1304,2169"/>
	<TextEquiv>
	<Unicode>n</Unicode></TextEquiv></Glyph>
	<TextEquiv>
	<Unicode>sion</Unicode></TextEquiv></Word>
	<Word id="w513">
	<Coords points="1368,2115 1402,2115 1402,2131 1439,2131 1439,2169 1408,2169 1408,2168 1368,2168"/>
	<Glyph id="c514">
	<Coords points="1368,2115 1402,2115 1402,2168 1368,2168"/>
	<TextEquiv>
	<Unicode>d</Unicode></TextEquiv></Glyph>
	<Glyph id="c515">
	<Coords points="1408,2131 1439,2131 1439,2169 1408,2169"/>
	<TextEquiv>
	<Unicode>e</Unicode></TextEquiv></Glyph>
	<TextEquiv>
	<Unicode>de</Unicode></TextEquiv></Word>
	<Word id="w516">
	<Coords points="1459,2116 1491,2116 1491,2169 1459,2169"/>
	<Glyph id="c517">
	<Coords points="1459,2116 1491,2116 1491,2169 1459,2169"/>
	<TextEquiv>
	<Unicode>5</Unicode></TextEquiv></Glyph>
	<TextEquiv>
	<Unicode>5</Unicode></TextEquiv></Word>
	<Word id="w518">
	<Coords points="1517,2132 1553,2132 1553,2155 1572,2155 1572,2168 1553,2168 1553,2184 1517,2184"/>
	<Glyph id="c519">
	<Coords points="1517,2132 1553,2132 1553,2184 1517,2184"/>
	<TextEquiv>
	<Unicode>p</Unicode></TextEquiv></Glyph>
	<Glyph id="c520">
	<Coords points="1559,2155 1572,2155 1572,2168 1559,2168"/>
	<TextEquiv>
	<Unicode>.</Unicode></TextEquiv></Glyph>
	<TextEquiv>
	<Unicode>p.</Unicode></TextEquiv></Word>
	<Word id="w521">
	<Coords points="1611,2121 1644,2121 1644,2155 1682,2155 1682,2170 1665,2170 1665,2177 1644,2177 1644,2188 1611,2188 1611,2145 1603,2145 1603,2122 1611,2122"/>
	<Glyph id="c522">
	<Coords points="1603,2122 1615,2122 1615,2145 1603,2145"/>
	<TextEquiv>
	<Unicode>‘</Unicode></TextEquiv></Glyph>
	<Glyph id="c523">
	<Coords points="1611,2121 1644,2121 1644,2188 1611,2188"/>
	<TextEquiv>
	<Unicode>7</Unicode></TextEquiv></Glyph>
	<Glyph id="c524">
	<Coords points="1641,2157 1654,2157 1654,2177 1641,2177"/>
	<TextEquiv>
	<Unicode>.</Unicode></TextEquiv></Glyph>
	<Glyph id="c525">
	<Coords points="1650,2157 1665,2157 1665,2177 1650,2177"/>
	<TextEquiv>
	<Unicode>.</Unicode></TextEquiv></Glyph>
	<Glyph id="c526">
	<Coords points="1668,2155 1682,2155 1682,2170 1668,2170"/>
	<TextEquiv>
	<Unicode>.</Unicode></TextEquiv></Glyph>
	<TextEquiv>
	<Unicode>‘7...</Unicode></TextEquiv></Word>
	<TextEquiv>
	<Unicode>sion de 5 p. ‘7...</Unicode></TextEquiv></TextLine>
	<TextEquiv>
	<Unicode>Dans les premiers temps de l’imprimerie, dans l’ége
d’or des éditeurs, alors que les Elzévir, les Bodoni , les
Plantin et les Moretus laissaient des millions a leurs hé—
ritiers , un e'diteur trouvait :31 entreposer ses livres dans
toutes les villes de province pour la modique commis-
sion de 5 p. ‘7...</Unicode></TextEquiv></TextRegion>
	<TextRegion id="r527" type="paragraph">
	<Coords points="1299,2203 1347,2203 1347,2220 1605,2220 1605,2206 1622,2206 1622,2220 1726,2220 1726,2208 1810,2208 1810,2205 1850,2205 1850,2206 1904,2206 1904,2221 2184,2221 2184,2205 2277,2205 2277,2221 2428,2221 2428,2204 2445,2204 2445,2221 2639,2221 2639,2207 2678,2207 2678,2206 2803,2206 2803,2223 2911,2223 2911,2212 2933,2212 2933,2263 2926,2263 2926,2401 2930,2401 2930,2439 2929,2439 2929,2513 2926,2513 2926,2603 2901,2603 2901,2618 2812,2618 2812,2619 2711,2619 2711,2622 2641,2622 2641,2619 2519,2619 2519,2621 2446,2621 2446,2623 2334,2623 2334,2632 2296,2632 2296,2623 2180,2623 2180,2631 2165,2631 2165,2619 2110,2619 2110,2618 1976,2618 1976,2621 1861,2621 1861,2635 1825,2635 1825,2618 1666,2618 1666,2617 1549,2617 1549,2618 1414,2618 1414,2704 1394,2704 1394,2705 1304,2705 1304,2706 1253,2706 1253,2719 1215,2719 1215,2667 1218,2667 1218,2473 1221,2473 1221,2398 1224,2398 1224,2294 1299,2294"/>
	<TextLine id="l528">
	<Coords points="1299,2203 1347,2203 1347,2220 1605,2220 1605,2206 1622,2206 1622,2220 1726,2220 1726,2208 1810,2208 1810,2205 1850,2205 1850,2206 1904,2206 1904,2221 2184,2221 2184,2205 2277,2205 2277,2221 2428,2221 2428,2204 2445,2204 2445,2221 2639,2221 2639,2207 2678,2207 2678,2206 2803,2206 2803,2223 2911,2223 2911,2212 2933,2212 2933,2263 2867,2263 2867,2264 2837,2264 2837,2263 2678,2263 2678,2262 2576,2262 2576,2259 2445,2259 2445,2260 2430,2260 2430,2263 2314,2263 2314,2273 2282,2273 2282,2263 2069,2263 2069,2261 1726,2261 1726,2259 1604,2259 1604,2273 1422,2273 1422,2259 1299,2259"/>
	<Word id="w529">
	<Coords points="1299,2203 1347,2203 1347,2220 1388,2220 1388,2258 1347,2258 1347,2259 1299,2259"/>
	<Glyph id="c530">
	<Coords points="1299,2203 1347,2203 1347,2259 1299,2259"/>
	<TextEquiv>
	<Unicode>U</Unicode></TextEquiv></Glyph>
	<Glyph id="c531">
	<Coords points="1351,2220 1388,2220 1388,2258 1351,2258"/>
	<TextEquiv>
	<Unicode>n</Unicode></TextEquiv></Glyph>
	<TextEquiv>
	<Unicode>Un</Unicode></TextEquiv></Word>
	<Word id="w532">
	<Coords points="1422,2220 1532,2220 1532,2258 1491,2258 1491,2259 1459,2259 1459,2273 1422,2273"/>
	<Glyph id="c533">
	<Coords points="1422,2220 1459,2220 1459,2273 1422,2273"/>
	<TextEquiv>
	<Unicode>p</Unicode></TextEquiv></Glyph>
	<Glyph id="c534">
	<Coords points="1457,2220 1491,2220 1491,2259 1457,2259"/>
	<TextEquiv>
	<Unicode>e</Unicode></TextEquiv></Glyph>
	<Glyph id="c535">
	<Coords points="1494,2220 1532,2220 1532,2258 1494,2258"/>
	<TextEquiv>
	<Unicode>n</Unicode></TextEquiv></Glyph>
	<TextEquiv>
	<Unicode>pen</Unicode></TextEquiv></Word>
	<Word id="w536">
	<Coords points="1605,2206 1622,2206 1622,2220 1693,2220 1693,2258 1660,2258 1660,2259 1604,2259 1604,2273 1559,2273 1559,2222 1605,2222"/>
	<Glyph id="c537">
	<Coords points="1559,2222 1604,2222 1604,2273 1559,2273"/>
	<TextEquiv>
	<Unicode>p</Unicode></TextEquiv></Glyph>
	<Glyph id="c538">
	<Coords points="1605,2206 1622,2206 1622,2258 1605,2258"/>
	<TextEquiv>
	<Unicode>l</Unicode></TextEquiv></Glyph>
	<Glyph id="c539">
	<Coords points="1626,2221 1660,2221 1660,2259 1626,2259"/>
	<TextEquiv>
	<Unicode>u</Unicode></TextEquiv></Glyph>
	<Glyph id="c540">
	<Coords points="1666,2220 1693,2220 1693,2258 1666,2258"/>
	<TextEquiv>
	<Unicode>s</Unicode></TextEquiv></Glyph>
	<TextEquiv>
	<Unicode>plus</Unicode></TextEquiv></Word>
	<Word id="w541">
	<Coords points="1810,2205 1850,2205 1850,2261 1726,2261 1726,2208 1810,2208"/>
	<Glyph id="c542">
	<Coords points="1726,2208 1747,2208 1747,2261 1726,2261"/>
	<TextEquiv>
	<Unicode>t</Unicode></TextEquiv></Glyph>
	<Glyph id="c543">
	<Coords points="1749,2221 1779,2221 1779,2260 1749,2260"/>
	<TextEquiv>
	<Unicode>a</Unicode></TextEquiv></Glyph>
	<Glyph id="c544">
	<Coords points="1783,2221 1813,2221 1813,2261 1783,2261"/>
	<TextEquiv>
	<Unicode>r</Unicode></TextEquiv></Glyph>
	<Glyph id="c545">
	<Coords points="1810,2205 1850,2205 1850,2261 1810,2261"/>
	<TextEquiv>
	<Unicode>d</Unicode></TextEquiv></Glyph>
	<TextEquiv>
	<Unicode>tard</Unicode></TextEquiv></Word>
	<Word id="w546">
	<Coords points="1887,2206 1904,2206 1904,2221 1967,2221 1967,2261 1939,2261 1939,2260 1887,2260"/>
	<Glyph id="c547">
	<Coords points="1887,2206 1904,2206 1904,2260 1887,2260"/>
	<TextEquiv>
	<Unicode>l</Unicode></TextEquiv></Glyph>
	<Glyph id="c548">
	<Coords points="1908,2222 1938,2222 1938,2258 1908,2258"/>
	<TextEquiv>
	<Unicode>e</Unicode></TextEquiv></Glyph>
	<Glyph id="c549">
	<Coords points="1939,2221 1967,2221 1967,2261 1939,2261"/>
	<TextEquiv>
	<Unicode>s</Unicode></TextEquiv></Glyph>
	<TextEquiv>
	<Unicode>les</Unicode></TextEquiv></Word>
	<Word id="w550">
	<Coords points="2428,2204 2445,2204 2445,2221 2540,2221 2540,2259 2445,2259 2445,2260 2430,2260 2430,2263 2314,2263 2314,2273 2282,2273 2282,2263 2069,2263 2069,2261 1999,2261 1999,2221 2184,2221 2184,2205 2277,2205 2277,2221 2428,2221"/>
	<Glyph id="c551">
	<Coords points="1999,2221 2032,2221 2032,2261 1999,2261"/>
	<TextEquiv>
	<Unicode>c</Unicode></TextEquiv></Glyph>
	<Glyph id="c552">
	<Coords points="2033,2221 2065,2221 2065,2261 2033,2261"/>
	<TextEquiv>
	<Unicode>o</Unicode></TextEquiv></Glyph>
	<Glyph id="c553">
	<Coords points="2069,2221 2123,2221 2123,2263 2069,2263"/>
	<TextEquiv>
	<Unicode>m</Unicode></TextEquiv></Glyph>
	<Glyph id="c554">
	<Coords points="2127,2221 2182,2221 2182,2263 2127,2263"/>
	<TextEquiv>
	<Unicode>m</Unicode></TextEquiv></Glyph>
	<Glyph id="c555">
	<Coords points="2184,2205 2202,2205 2202,2262 2184,2262"/>
	<TextEquiv>
	<Unicode>i</Unicode></TextEquiv></Glyph>
	<Glyph id="c556">
	<Coords points="2204,2221 2234,2221 2234,2263 2204,2263"/>
	<TextEquiv>
	<Unicode>s</Unicode></TextEquiv></Glyph>
	<Glyph id="c557">
	<Coords points="2230,2221 2258,2221 2258,2259 2230,2259"/>
	<TextEquiv>
	<Unicode>s</Unicode></TextEquiv></Glyph>
	<Glyph id="c558">
	<Coords points="2262,2205 2277,2205 2277,2258 2262,2258"/>
	<TextEquiv>
	<Unicode>i</Unicode></TextEquiv></Glyph>
	<Glyph id="c559">
	<Coords points="2282,2221 2314,2221 2314,2273 2282,2273"/>
	<TextEquiv>
	<Unicode>o</Unicode></TextEquiv></Glyph>
	<Glyph id="c560">
	<Coords points="2318,2222 2352,2222 2352,2263 2318,2263"/>
	<TextEquiv>
	<Unicode>n</Unicode></TextEquiv></Glyph>
	<Glyph id="c561">
	<Coords points="2357,2221 2396,2221 2396,2263 2357,2263"/>
	<TextEquiv>
	<Unicode>n</Unicode></TextEquiv></Glyph>
	<Glyph id="c562">
	<Coords points="2393,2221 2430,2221 2430,2263 2393,2263"/>
	<TextEquiv>
	<Unicode>a</Unicode></TextEquiv></Glyph>
	<Glyph id="c563">
	<Coords points="2428,2204 2445,2204 2445,2260 2428,2260"/>
	<TextEquiv>
	<Unicode>i</Unicode></TextEquiv></Glyph>
	<Glyph id="c564">
	<Coords points="2452,2222 2480,2222 2480,2259 2452,2259"/>
	<TextEquiv>
	<Unicode>r</Unicode></TextEquiv></Glyph>
	<Glyph id="c565">
	<Coords points="2482,2222 2512,2222 2512,2259 2482,2259"/>
	<TextEquiv>
	<Unicode>e</Unicode></TextEquiv></Glyph>
	<Glyph id="c566">
	<Coords points="2514,2221 2540,2221 2540,2259 2514,2259"/>
	<TextEquiv>
	<Unicode>s</Unicode></TextEquiv></Glyph>
	<TextEquiv>
	<Unicode>commissionnaires</Unicode></TextEquiv></Word>
	<Word id="w567">
	<Coords points="2678,2206 2803,2206 2803,2223 2911,2223 2911,2212 2933,2212 2933,2263 2867,2263 2867,2264 2837,2264 2837,2263 2678,2263 2678,2262 2576,2262 2576,2222 2639,2222 2639,2207 2678,2207"/>
	<Glyph id="c568">
	<Coords points="2576,2222 2604,2222 2604,2262 2576,2262"/>
	<TextEquiv>
	<Unicode>s</Unicode></TextEquiv></Glyph>
	<Glyph id="c569">
	<Coords points="2600,2222 2635,2222 2635,2262 2600,2262"/>
	<TextEquiv>
	<Unicode>o</Unicode></TextEquiv></Glyph>
	<Glyph id="c570">
	<Coords points="2639,2207 2654,2207 2654,2258 2639,2258"/>
	<TextEquiv>
	<Unicode>l</Unicode></TextEquiv></Glyph>
	<Glyph id="c571">
	<Coords points="2658,2207 2672,2207 2672,2258 2658,2258"/>
	<TextEquiv>
	<Unicode>l</Unicode></TextEquiv></Glyph>
	<Glyph id="c572">
	<Coords points="2678,2206 2692,2206 2692,2263 2678,2263"/>
	<TextEquiv>
	<Unicode>i</Unicode></TextEquiv></Glyph>
	<Glyph id="c573">
	<Coords points="2696,2222 2727,2222 2727,2263 2696,2263"/>
	<TextEquiv>
	<Unicode>c</Unicode></TextEquiv></Glyph>
	<Glyph id="c574">
	<Coords points="2729,2207 2745,2207 2745,2261 2729,2261"/>
	<TextEquiv>
	<Unicode>i</Unicode></TextEquiv></Glyph>
	<Glyph id="c575">
	<Coords points="2750,2211 2770,2211 2770,2260 2750,2260"/>
	<TextEquiv>
	<Unicode>t</Unicode></TextEquiv></Glyph>
	<Glyph id="c576">
	<Coords points="2773,2206 2803,2206 2803,2262 2773,2262"/>
	<TextEquiv>
	<Unicode>é</Unicode></TextEquiv></Glyph>
	<Glyph id="c577">
	<Coords points="2807,2224 2835,2224 2835,2263 2807,2263"/>
	<TextEquiv>
	<Unicode>r</Unicode></TextEquiv></Glyph>
	<Glyph id="c578">
	<Coords points="2837,2223 2867,2223 2867,2264 2837,2264"/>
	<TextEquiv>
	<Unicode>e</Unicode></TextEquiv></Glyph>
	<Glyph id="c579">
	<Coords points="2870,2225 2906,2225 2906,2262 2870,2262"/>
	<TextEquiv>
	<Unicode>n</Unicode></TextEquiv></Glyph>
	<Glyph id="c580">
	<Coords points="2911,2212 2933,2212 2933,2263 2911,2263"/>
	<TextEquiv>
	<Unicode>t</Unicode></TextEquiv></Glyph>
	<TextEquiv>
	<Unicode>sollicitérent</Unicode></TextEquiv></Word>
	<TextEquiv>
	<Unicode>Un pen plus tard les commissionnaires sollicitérent</Unicode></TextEquiv></TextLine>
	<TextLine id="l581">
	<Coords points="1360,2293 1401,2293 1401,2294 1418,2294 1418,2309 1586,2309 1586,2297 1610,2297 1610,2310 1714,2310 1714,2309 1749,2309 1749,2310 2015,2310 2015,2298 2075,2298 2075,2297 2098,2297 2098,2294 2115,2294 2115,2310 2150,2310 2150,2311 2309,2311 2309,2295 2322,2295 2322,2297 2367,2297 2367,2311 2508,2311 2508,2295 2535,2295 2535,2298 2596,2298 2596,2311 2794,2311 2794,2296 2865,2296 2865,2312 2896,2312 2896,2336 2926,2336 2926,2366 2910,2366 2910,2357 2832,2357 2832,2356 2730,2356 2730,2353 2596,2353 2596,2354 2406,2354 2406,2353 2260,2353 2260,2364 2224,2364 2224,2353 2154,2353 2154,2351 2013,2351 2013,2353 1884,2353 1884,2363 1849,2363 1849,2352 1809,2352 1809,2351 1714,2351 1714,2349 1678,2349 1678,2348 1508,2348 1508,2349 1454,2349 1454,2348 1301,2348 1301,2351 1265,2351 1265,2346 1224,2346 1224,2294 1360,2294"/>
	<Word id="w582">
	<Coords points="1360,2293 1401,2293 1401,2294 1418,2294 1418,2309 1586,2309 1586,2297 1610,2297 1610,2348 1508,2348 1508,2349 1454,2349 1454,2348 1301,2348 1301,2351 1265,2351 1265,2346 1224,2346 1224,2294 1360,2294"/>
	<Glyph id="c583">
	<Coords points="1224,2294 1260,2294 1260,2346 1224,2346"/>
	<TextEquiv>
	<Unicode>h</Unicode></TextEquiv></Glyph>
	<Glyph id="c584">
	<Coords points="1265,2309 1301,2309 1301,2351 1265,2351"/>
	<TextEquiv>
	<Unicode>u</Unicode></TextEquiv></Glyph>
	<Glyph id="c585">
	<Coords points="1304,2307 1363,2307 1363,2348 1304,2348"/>
	<TextEquiv>
	<Unicode>m</Unicode></TextEquiv></Glyph>
	<Glyph id="c586">
	<Coords points="1360,2293 1401,2293 1401,2348 1360,2348"/>
	<TextEquiv>
	<Unicode>b</Unicode></TextEquiv></Glyph>
	<Glyph id="c587">
	<Coords points="1398,2294 1418,2294 1418,2348 1398,2348"/>
	<TextEquiv>
	<Unicode>l</Unicode></TextEquiv></Glyph>
	<Glyph id="c588">
	<Coords points="1419,2310 1452,2310 1452,2348 1419,2348"/>
	<TextEquiv>
	<Unicode>e</Unicode></TextEquiv></Glyph>
	<Glyph id="c589">
	<Coords points="1454,2309 1508,2309 1508,2349 1454,2349"/>
	<TextEquiv>
	<Unicode>m</Unicode></TextEquiv></Glyph>
	<Glyph id="c590">
	<Coords points="1513,2309 1544,2309 1544,2348 1513,2348"/>
	<TextEquiv>
	<Unicode>e</Unicode></TextEquiv></Glyph>
	<Glyph id="c591">
	<Coords points="1547,2310 1583,2310 1583,2348 1547,2348"/>
	<TextEquiv>
	<Unicode>n</Unicode></TextEquiv></Glyph>
	<Glyph id="c592">
	<Coords points="1586,2297 1610,2297 1610,2348 1586,2348"/>
	<TextEquiv>
	<Unicode>t</Unicode></TextEquiv></Glyph>
	<TextEquiv>
	<Unicode>humblement</Unicode></TextEquiv></Word>
	<Word id="w593">
	<Coords points="1714,2309 1749,2309 1749,2351 1714,2351 1714,2349 1678,2349 1678,2348 1636,2348 1636,2310 1714,2310"/>
	<Glyph id="c594">
	<Coords points="1636,2310 1674,2310 1674,2348 1636,2348"/>
	<TextEquiv>
	<Unicode>u</Unicode></TextEquiv></Glyph>
	<Glyph id="c595">
	<Coords points="1678,2310 1715,2310 1715,2349 1678,2349"/>
	<TextEquiv>
	<Unicode>n</Unicode></TextEquiv></Glyph>
	<Glyph id="c596">
	<Coords points="1714,2309 1749,2309 1749,2351 1714,2351"/>
	<TextEquiv>
	<Unicode>e</Unicode></TextEquiv></Glyph>
	<TextEquiv>
	<Unicode>une</Unicode></TextEquiv></Word>
	<Word id="w597">
	<Coords points="2098,2294 2115,2294 2115,2310 2150,2310 2150,2311 2192,2311 2192,2353 2154,2353 2154,2351 2013,2351 2013,2353 1884,2353 1884,2363 1849,2363 1849,2352 1809,2352 1809,2351 1772,2351 1772,2310 2015,2310 2015,2298 2075,2298 2075,2297 2098,2297"/>
	<Glyph id="c598">
	<Coords points="1772,2310 1807,2310 1807,2351 1772,2351"/>
	<TextEquiv>
	<Unicode>a</Unicode></TextEquiv></Glyph>
	<Glyph id="c599">
	<Coords points="1809,2310 1847,2310 1847,2352 1809,2352"/>
	<TextEquiv>
	<Unicode>u</Unicode></TextEquiv></Glyph>
	<Glyph id="c600">
	<Coords points="1849,2310 1884,2310 1884,2363 1849,2363"/>
	<TextEquiv>
	<Unicode>g</Unicode></TextEquiv></Glyph>
	<Glyph id="c601">
	<Coords points="1887,2310 1941,2310 1941,2352 1887,2352"/>
	<TextEquiv>
	<Unicode>m</Unicode></TextEquiv></Glyph>
	<Glyph id="c602">
	<Coords points="1942,2310 1974,2310 1974,2348 1942,2348"/>
	<TextEquiv>
	<Unicode>e</Unicode></TextEquiv></Glyph>
	<Glyph id="c603">
	<Coords points="1976,2311 2013,2311 2013,2353 1976,2353"/>
	<TextEquiv>
	<Unicode>n</Unicode></TextEquiv></Glyph>
	<Glyph id="c604">
	<Coords points="2015,2298 2041,2298 2041,2351 2015,2351"/>
	<TextEquiv>
	<Unicode>t</Unicode></TextEquiv></Glyph>
	<Glyph id="c605">
	<Coords points="2038,2310 2072,2310 2072,2351 2038,2351"/>
	<TextEquiv>
	<Unicode>a</Unicode></TextEquiv></Glyph>
	<Glyph id="c606">
	<Coords points="2075,2297 2098,2297 2098,2351 2075,2351"/>
	<TextEquiv>
	<Unicode>t</Unicode></TextEquiv></Glyph>
	<Glyph id="c607">
	<Coords points="2098,2294 2115,2294 2115,2348 2098,2348"/>
	<TextEquiv>
	<Unicode>i</Unicode></TextEquiv></Glyph>
	<Glyph id="c608">
	<Coords points="2117,2310 2150,2310 2150,2349 2117,2349"/>
	<TextEquiv>
	<Unicode>o</Unicode></TextEquiv></Glyph>
	<Glyph id="c609">
	<Coords points="2154,2311 2192,2311 2192,2353 2154,2353"/>
	<TextEquiv>
	<Unicode>n</Unicode></TextEquiv></Glyph>
	<TextEquiv>
	<Unicode>augmentation</Unicode></TextEquiv></Word>
	<Word id="w610">
	<Coords points="2309,2295 2322,2295 2322,2348 2302,2348 2302,2353 2260,2353 2260,2364 2224,2364 2224,2312 2265,2312 2265,2311 2309,2311"/>
	<Glyph id="c611">
	<Coords points="2224,2312 2260,2312 2260,2364 2224,2364"/>
	<TextEquiv>
	<Unicode>q</Unicode></TextEquiv></Glyph>
	<Glyph id="c612">
	<Coords points="2265,2311 2302,2311 2302,2353 2265,2353"/>
	<TextEquiv>
	<Unicode>u</Unicode></TextEquiv></Glyph>
	<Glyph id="c613">
	<Coords points="2309,2295 2322,2295 2322,2348 2309,2348"/>
	<TextEquiv>
	<Unicode>i</Unicode></TextEquiv></Glyph>
	<TextEquiv>
	<Unicode>qui</Unicode></TextEquiv></Word>
	<Word id="w614">
	<Coords points="2352,2297 2367,2297 2367,2311 2476,2311 2476,2351 2443,2351 2443,2354 2406,2354 2406,2353 2352,2353"/>
	<Glyph id="c615">
	<Coords points="2352,2297 2367,2297 2367,2353 2352,2353"/>
	<TextEquiv>
	<Unicode>l</Unicode></TextEquiv></Glyph>
	<Glyph id="c616">
	<Coords points="2370,2311 2401,2311 2401,2349 2370,2349"/>
	<TextEquiv>
	<Unicode>e</Unicode></TextEquiv></Glyph>
	<Glyph id="c617">
	<Coords points="2406,2311 2443,2311 2443,2354 2406,2354"/>
	<TextEquiv>
	<Unicode>u</Unicode></TextEquiv></Glyph>
	<Glyph id="c618">
	<Coords points="2447,2311 2476,2311 2476,2351 2447,2351"/>
	<TextEquiv>
	<Unicode>r</Unicode></TextEquiv></Glyph>
	<TextEquiv>
	<Unicode>leur</Unicode></TextEquiv></Word>
	<Word id="w619">
	<Coords points="2508,2295 2535,2295 2535,2298 2596,2298 2596,2354 2508,2354"/>
	<Glyph id="c620">
	<Coords points="2508,2295 2535,2295 2535,2354 2508,2354"/>
	<TextEquiv>
	<Unicode>f</Unicode></TextEquiv></Glyph>
	<Glyph id="c621">
	<Coords points="2534,2311 2570,2311 2570,2353 2534,2353"/>
	<TextEquiv>
	<Unicode>u</Unicode></TextEquiv></Glyph>
	<Glyph id="c622">
	<Coords points="2574,2298 2596,2298 2596,2354 2574,2354"/>
	<TextEquiv>
	<Unicode>t</Unicode></TextEquiv></Glyph>
	<TextEquiv>
	<Unicode>fut</Unicode></TextEquiv></Word>
	<Word id="w623">
	<Coords points="2794,2296 2865,2296 2865,2312 2896,2312 2896,2336 2926,2336 2926,2366 2910,2366 2910,2357 2832,2357 2832,2356 2730,2356 2730,2353 2630,2353 2630,2311 2794,2311"/>
	<Glyph id="c624">
	<Coords points="2630,2311 2668,2311 2668,2353 2630,2353"/>
	<TextEquiv>
	<Unicode>a</Unicode></TextEquiv></Glyph>
	<Glyph id="c625">
	<Coords points="2662,2311 2700,2311 2700,2350 2662,2350"/>
	<TextEquiv>
	<Unicode>c</Unicode></TextEquiv></Glyph>
	<Glyph id="c626">
	<Coords points="2695,2311 2728,2311 2728,2350 2695,2350"/>
	<TextEquiv>
	<Unicode>c</Unicode></TextEquiv></Glyph>
	<Glyph id="c627">
	<Coords points="2730,2312 2762,2312 2762,2356 2730,2356"/>
	<TextEquiv>
	<Unicode>o</Unicode></TextEquiv></Glyph>
	<Glyph id="c628">
	<Coords points="2765,2312 2792,2312 2792,2355 2765,2355"/>
	<TextEquiv>
	<Unicode>r</Unicode></TextEquiv></Glyph>
	<Glyph id="c629">
	<Coords points="2794,2296 2832,2296 2832,2354 2794,2354"/>
	<TextEquiv>
	<Unicode>d</Unicode></TextEquiv></Glyph>
	<Glyph id="c630">
	<Coords points="2832,2296 2865,2296 2865,2357 2832,2357"/>
	<TextEquiv>
	<Unicode>é</Unicode></TextEquiv></Glyph>
	<Glyph id="c631">
	<Coords points="2865,2312 2896,2312 2896,2350 2865,2350"/>
	<TextEquiv>
	<Unicode>e</Unicode></TextEquiv></Glyph>
	<Glyph id="c632">
	<Coords points="2910,2336 2926,2336 2926,2366 2910,2366"/>
	<TextEquiv>
	<Unicode>,</Unicode></TextEquiv></Glyph>
	<TextEquiv>
	<Unicode>accordée,</Unicode></TextEquiv></Word>
	<TextEquiv>
	<Unicode>humblement une augmentation qui leur fut accordée,</Unicode></TextEquiv></TextLine>
	<TextLine id="l633">
	<Coords points="1882,2380 1903,2380 1903,2383 2020,2383 2020,2388 2122,2388 2122,2386 2199,2386 2199,2384 2215,2384 2215,2386 2322,2386 2322,2385 2392,2385 2392,2383 2411,2383 2411,2400 2517,2400 2517,2387 2538,2387 2538,2400 2684,2400 2684,2384 2772,2384 2772,2388 2800,2388 2800,2400 2831,2400 2831,2401 2930,2401 2930,2439 2870,2439 2870,2442 2833,2442 2833,2440 2715,2440 2715,2441 2630,2441 2630,2443 2588,2443 2588,2441 2441,2441 2441,2443 2392,2443 2392,2438 2122,2438 2122,2437 1941,2437 1941,2453 1926,2453 1926,2448 1814,2448 1814,2452 1777,2452 1777,2437 1687,2437 1687,2436 1367,2436 1367,2435 1255,2435 1255,2434 1221,2434 1221,2398 1255,2398 1255,2384 1344,2384 1344,2382 1488,2382 1488,2383 1579,2383 1579,2387 1687,2387 1687,2383 1758,2383 1758,2400 1862,2400 1862,2389 1882,2389"/>
	<Word id="w634">
	<Coords points="1255,2384 1289,2384 1289,2398 1323,2398 1323,2435 1255,2435 1255,2434 1221,2434 1221,2398 1255,2398"/>
	<Glyph id="c635">
	<Coords points="1221,2398 1251,2398 1251,2434 1221,2434"/>
	<TextEquiv>
	<Unicode>e</Unicode></TextEquiv></Glyph>
	<Glyph id="c636">
	<Coords points="1255,2384 1269,2384 1269,2435 1255,2435"/>
	<TextEquiv>
	<Unicode>l</Unicode></TextEquiv></Glyph>
	<Glyph id="c637">
	<Coords points="1273,2384 1289,2384 1289,2435 1273,2435"/>
	<TextEquiv>
	<Unicode>l</Unicode></TextEquiv></Glyph>
	<Glyph id="c638">
	<Coords points="1294,2398 1323,2398 1323,2435 1294,2435"/>
	<TextEquiv>
	<Unicode>e</Unicode></TextEquiv></Glyph>
	<TextEquiv>
	<Unicode>elle</Unicode></TextEquiv></Word>
	<Word id="w639">
	<Coords points="1344,2382 1371,2382 1371,2386 1431,2386 1431,2436 1367,2436 1367,2434 1344,2434"/>
	<Glyph id="c640">
	<Coords points="1344,2382 1371,2382 1371,2434 1344,2434"/>
	<TextEquiv>
	<Unicode>f</Unicode></TextEquiv></Glyph>
	<Glyph id="c641">
	<Coords points="1367,2399 1404,2399 1404,2436 1367,2436"/>
	<TextEquiv>
	<Unicode>u</Unicode></TextEquiv></Glyph>
	<Glyph id="c642">
	<Coords points="1409,2386 1431,2386 1431,2436 1409,2436"/>
	<TextEquiv>
	<Unicode>t</Unicode></TextEquiv></Glyph>
	<TextEquiv>
	<Unicode>fut</Unicode></TextEquiv></Word>
	<Word id="w643">
	<Coords points="1451,2382 1488,2382 1488,2399 1522,2399 1522,2436 1492,2436 1492,2435 1451,2435"/>
	<Glyph id="c644">
	<Coords points="1451,2382 1488,2382 1488,2435 1451,2435"/>
	<TextEquiv>
	<Unicode>d</Unicode></TextEquiv></Glyph>
	<Glyph id="c645">
	<Coords points="1492,2399 1522,2399 1522,2436 1492,2436"/>
	<TextEquiv>
	<Unicode>e</Unicode></TextEquiv></Glyph>
	<TextEquiv>
	<Unicode>de</Unicode></TextEquiv></Word>
	<Word id="w646">
	<Coords points="1544,2383 1579,2383 1579,2436 1544,2436"/>
	<Glyph id="c647">
	<Coords points="1544,2383 1579,2383 1579,2436 1544,2436"/>
	<TextEquiv>
	<Unicode>8</Unicode></TextEquiv></Glyph>
	<TextEquiv>
	<Unicode>8</Unicode></TextEquiv></Word>
	<Word id="w648">
	<Coords points="1633,2387 1655,2387 1655,2436 1600,2436 1600,2400 1633,2400"/>
	<Glyph id="c649">
	<Coords points="1600,2400 1629,2400 1629,2436 1600,2436"/>
	<TextEquiv>
	<Unicode>e</Unicode></TextEquiv></Glyph>
	<Glyph id="c650">
	<Coords points="1633,2387 1655,2387 1655,2436 1633,2436"/>
	<TextEquiv>
	<Unicode>t</Unicode></TextEquiv></Glyph>
	<TextEquiv>
	<Unicode>et</Unicode></TextEquiv></Word>
	<Word id="w651">
	<Coords points="1687,2383 1758,2383 1758,2437 1687,2437"/>
	<Glyph id="c652">
	<Coords points="1687,2383 1713,2383 1713,2437 1687,2437"/>
	<TextEquiv>
	<Unicode>4</Unicode></TextEquiv></Glyph>
	<Glyph id="c653">
	<Coords points="1721,2383 1758,2383 1758,2437 1721,2437"/>
	<TextEquiv>
	<Unicode>0</Unicode></TextEquiv></Glyph>
	<TextEquiv>
	<Unicode>40</Unicode></TextEquiv></Word>
	<Word id="w654">
	<Coords points="1777,2400 1814,2400 1814,2423 1834,2423 1834,2436 1814,2436 1814,2452 1777,2452"/>
	<Glyph id="c655">
	<Coords points="1777,2400 1814,2400 1814,2452 1777,2452"/>
	<TextEquiv>
	<Unicode>p</Unicode></TextEquiv></Glyph>
	<Glyph id="c656">
	<Coords points="1821,2423 1834,2423 1834,2436 1821,2436"/>
	<TextEquiv>
	<Unicode>.</Unicode></TextEquiv></Glyph>
	<TextEquiv>
	<Unicode>p.</Unicode></TextEquiv></Word>
	<Word id="w657">
	<Coords points="1882,2380 1903,2380 1903,2403 1941,2403 1941,2453 1926,2453 1926,2448 1882,2448 1882,2410 1862,2410 1862,2389 1882,2389"/>
	<Glyph id="c658">
	<Coords points="1862,2389 1882,2389 1882,2410 1862,2410"/>
	<TextEquiv>
	<Unicode>°</Unicode></TextEquiv></Glyph>
	<Glyph id="c659">
	<Coords points="1882,2380 1903,2380 1903,2448 1882,2448"/>
	<TextEquiv>
	<Unicode>/</Unicode></TextEquiv></Glyph>
	<Glyph id="c660">
	<Coords points="1901,2425 1921,2425 1921,2445 1901,2445"/>
	<TextEquiv>
	<Unicode>o</Unicode></TextEquiv></Glyph>
	<Glyph id="c661">
	<Coords points="1926,2403 1941,2403 1941,2453 1926,2453"/>
	<TextEquiv>
	<Unicode>;</Unicode></TextEquiv></Glyph>
	<TextEquiv>
	<Unicode>°/o;</Unicode></TextEquiv></Word>
	<Word id="w662">
	<Coords points="1965,2383 2020,2383 2020,2388 2122,2388 2122,2386 2153,2386 2153,2388 2180,2388 2180,2437 2153,2437 2153,2438 2122,2438 2122,2437 2025,2437 2025,2436 1965,2436"/>
	<Glyph id="c663">
	<Coords points="1965,2383 2003,2383 2003,2436 1965,2436"/>
	<TextEquiv>
	<Unicode>b</Unicode></TextEquiv></Glyph>
	<Glyph id="c664">
	<Coords points="2004,2383 2020,2383 2020,2436 2004,2436"/>
	<TextEquiv>
	<Unicode>i</Unicode></TextEquiv></Glyph>
	<Glyph id="c665">
	<Coords points="2025,2400 2055,2400 2055,2437 2025,2437"/>
	<TextEquiv>
	<Unicode>e</Unicode></TextEquiv></Glyph>
	<Glyph id="c666">
	<Coords points="2059,2401 2094,2401 2094,2437 2059,2437"/>
	<TextEquiv>
	<Unicode>n</Unicode></TextEquiv></Glyph>
	<Glyph id="c667">
	<Coords points="2099,2388 2120,2388 2120,2437 2099,2437"/>
	<TextEquiv>
	<Unicode>t</Unicode></TextEquiv></Glyph>
	<Glyph id="c668">
	<Coords points="2122,2386 2153,2386 2153,2438 2122,2438"/>
	<TextEquiv>
	<Unicode>d</Unicode></TextEquiv></Glyph>
	<Glyph id="c669">
	<Coords points="2157,2388 2180,2388 2180,2437 2157,2437"/>
	<TextEquiv>
	<Unicode>t</Unicode></TextEquiv></Glyph>
	<TextEquiv>
	<Unicode>bientdt</Unicode></TextEquiv></Word>
	<Word id="w670">
	<Coords points="2199,2384 2215,2384 2215,2386 2236,2386 2236,2401 2265,2401 2265,2438 2220,2438 2220,2437 2199,2437"/>
	<Glyph id="c671">
	<Coords points="2199,2384 2215,2384 2215,2437 2199,2437"/>
	<TextEquiv>
	<Unicode>i</Unicode></TextEquiv></Glyph>
	<Glyph id="c672">
	<Coords points="2220,2386 2236,2386 2236,2438 2220,2438"/>
	<TextEquiv>
	<Unicode>l</Unicode></TextEquiv></Glyph>
	<Glyph id="c673">
	<Coords points="2239,2401 2265,2401 2265,2438 2239,2438"/>
	<TextEquiv>
	<Unicode>s</Unicode></TextEquiv></Glyph>
	<TextEquiv>
	<Unicode>ils</Unicode></TextEquiv></Word>
	<Word id="w674">
	<Coords points="2392,2383 2411,2383 2411,2400 2517,2400 2517,2387 2538,2387 2538,2441 2441,2441 2441,2443 2392,2443 2392,2438 2287,2438 2287,2400 2322,2400 2322,2385 2392,2385"/>
	<Glyph id="c675">
	<Coords points="2287,2400 2318,2400 2318,2438 2287,2438"/>
	<TextEquiv>
	<Unicode>o</Unicode></TextEquiv></Glyph>
	<Glyph id="c676">
	<Coords points="2322,2385 2348,2385 2348,2437 2322,2437"/>
	<TextEquiv>
	<Unicode>f</Unicode></TextEquiv></Glyph>
	<Glyph id="c677">
	<Coords points="2338,2385 2365,2385 2365,2437 2338,2437"/>
	<TextEquiv>
	<Unicode>f</Unicode></TextEquiv></Glyph>
	<Glyph id="c678">
	<Coords points="2362,2400 2390,2400 2390,2436 2362,2436"/>
	<TextEquiv>
	<Unicode>r</Unicode></TextEquiv></Glyph>
	<Glyph id="c679">
	<Coords points="2392,2383 2411,2383 2411,2443 2392,2443"/>
	<TextEquiv>
	<Unicode>i</Unicode></TextEquiv></Glyph>
	<Glyph id="c680">
	<Coords points="2406,2400 2441,2400 2441,2443 2406,2443"/>
	<TextEquiv>
	<Unicode>r</Unicode></TextEquiv></Glyph>
	<Glyph id="c681">
	<Coords points="2443,2400 2474,2400 2474,2441 2443,2441"/>
	<TextEquiv>
	<Unicode>e</Unicode></TextEquiv></Glyph>
	<Glyph id="c682">
	<Coords points="2477,2400 2512,2400 2512,2441 2477,2441"/>
	<TextEquiv>
	<Unicode>n</Unicode></TextEquiv></Glyph>
	<Glyph id="c683">
	<Coords points="2517,2387 2538,2387 2538,2441 2517,2441"/>
	<TextEquiv>
	<Unicode>t</Unicode></TextEquiv></Glyph>
	<TextEquiv>
	<Unicode>offrirent</Unicode></TextEquiv></Word>
	<Word id="w684">
	<Coords points="2553,2400 2586,2400 2586,2401 2666,2401 2666,2439 2630,2439 2630,2443 2588,2443 2588,2439 2553,2439"/>
	<Glyph id="c685">
	<Coords points="2553,2400 2586,2400 2586,2439 2553,2439"/>
	<TextEquiv>
	<Unicode>a</Unicode></TextEquiv></Glyph>
	<Glyph id="c686">
	<Coords points="2588,2401 2630,2401 2630,2443 2588,2443"/>
	<TextEquiv>
	<Unicode>u</Unicode></TextEquiv></Glyph>
	<Glyph id="c687">
	<Coords points="2627,2401 2666,2401 2666,2439 2627,2439"/>
	<TextEquiv>
	<Unicode>x</Unicode></TextEquiv></Glyph>
	<TextEquiv>
	<Unicode>aux</Unicode></TextEquiv></Word>
	<Word id="w688">
	<Coords points="2684,2384 2772,2384 2772,2388 2800,2388 2800,2400 2831,2400 2831,2401 2930,2401 2930,2439 2870,2439 2870,2442 2833,2442 2833,2440 2715,2440 2715,2441 2684,2441"/>
	<Glyph id="c689">
	<Coords points="2684,2384 2715,2384 2715,2441 2684,2441"/>
	<TextEquiv>
	<Unicode>é</Unicode></TextEquiv></Glyph>
	<Glyph id="c690">
	<Coords points="2717,2384 2754,2384 2754,2438 2717,2438"/>
	<TextEquiv>
	<Unicode>d</Unicode></TextEquiv></Glyph>
	<Glyph id="c691">
	<Coords points="2756,2384 2772,2384 2772,2438 2756,2438"/>
	<TextEquiv>
	<Unicode>i</Unicode></TextEquiv></Glyph>
	<Glyph id="c692">
	<Coords points="2778,2388 2800,2388 2800,2440 2778,2440"/>
	<TextEquiv>
	<Unicode>t</Unicode></TextEquiv></Glyph>
	<Glyph id="c693">
	<Coords points="2800,2400 2831,2400 2831,2437 2800,2437"/>
	<TextEquiv>
	<Unicode>e</Unicode></TextEquiv></Glyph>
	<Glyph id="c694">
	<Coords points="2833,2401 2870,2401 2870,2442 2833,2442"/>
	<TextEquiv>
	<Unicode>u</Unicode></TextEquiv></Glyph>
	<Glyph id="c695">
	<Coords points="2874,2401 2905,2401 2905,2439 2874,2439"/>
	<TextEquiv>
	<Unicode>r</Unicode></TextEquiv></Glyph>
	<Glyph id="c696">
	<Coords points="2902,2401 2930,2401 2930,2439 2902,2439"/>
	<TextEquiv>
	<Unicode>s</Unicode></TextEquiv></Glyph>
	<TextEquiv>
	<Unicode>éditeurs</Unicode></TextEquiv></Word>
	<TextEquiv>
	<Unicode>elle fut de 8 et 40 p. °/o; bientdt ils offrirent aux éditeurs</Unicode></TextEquiv></TextLine>
	<TextLine id="l697">
	<Coords points="1404,2472 1444,2472 1444,2487 1479,2487 1479,2488 1559,2488 1559,2489 1694,2489 1694,2488 1765,2488 1765,2473 1784,2473 1784,2488 1997,2488 1997,2473 2012,2473 2012,2489 2149,2489 2149,2474 2186,2474 2186,2475 2303,2475 2303,2473 2320,2473 2320,2490 2529,2490 2529,2476 2546,2476 2546,2489 2711,2489 2711,2474 2753,2474 2753,2473 2783,2473 2783,2490 2904,2490 2904,2505 2929,2505 2929,2513 2904,2513 2904,2527 2872,2527 2872,2529 2750,2529 2750,2531 2711,2531 2711,2529 2580,2529 2580,2543 2414,2543 2414,2531 2116,2531 2116,2542 2102,2542 2102,2531 1960,2531 1960,2542 1925,2542 1925,2531 1821,2531 1821,2542 1654,2542 1654,2529 1523,2529 1523,2528 1317,2528 1317,2526 1218,2526 1218,2473 1255,2473 1255,2487 1404,2487"/>
	<Word id="w698">
	<Coords points="1218,2473 1255,2473 1255,2487 1289,2487 1289,2526 1218,2526"/>
	<Glyph id="c699">
	<Coords points="1218,2473 1255,2473 1255,2526 1218,2526"/>
	<TextEquiv>
	<Unicode>d</Unicode></TextEquiv></Glyph>
	<Glyph id="c700">
	<Coords points="1258,2487 1289,2487 1289,2526 1258,2526"/>
	<TextEquiv>
	<Unicode>e</Unicode></TextEquiv></Glyph>
	<TextEquiv>
	<Unicode>de</Unicode></TextEquiv></Word>
	<Word id="w701">
	<Coords points="1348,2487 1378,2487 1378,2528 1317,2528 1317,2488 1348,2488"/>
	<Glyph id="c702">
	<Coords points="1317,2488 1345,2488 1345,2528 1317,2528"/>
	<TextEquiv>
	<Unicode>s</Unicode></TextEquiv></Glyph>
	<Glyph id="c703">
	<Coords points="1348,2487 1378,2487 1378,2528 1348,2528"/>
	<TextEquiv>
	<Unicode>e</Unicode></TextEquiv></Glyph>
	<TextEquiv>
	<Unicode>se</Unicode></TextEquiv></Word>
	<Word id="w704">
	<Coords points="1404,2472 1444,2472 1444,2487 1479,2487 1479,2488 1559,2488 1559,2489 1629,2489 1629,2528 1559,2528 1559,2529 1523,2529 1523,2528 1404,2528"/>
	<Glyph id="c705">
	<Coords points="1404,2472 1444,2472 1444,2528 1404,2528"/>
	<TextEquiv>
	<Unicode>d</Unicode></TextEquiv></Glyph>
	<Glyph id="c706">
	<Coords points="1444,2487 1479,2487 1479,2526 1444,2526"/>
	<TextEquiv>
	<Unicode>u</Unicode></TextEquiv></Glyph>
	<Glyph id="c707">
	<Coords points="1480,2488 1517,2488 1517,2528 1480,2528"/>
	<TextEquiv>
	<Unicode>n</Unicode></TextEquiv></Glyph>
	<Glyph id="c708">
	<Coords points="1523,2488 1559,2488 1559,2529 1523,2529"/>
	<TextEquiv>
	<Unicode>n</Unicode></TextEquiv></Glyph>
	<Glyph id="c709">
	<Coords points="1566,2489 1601,2489 1601,2528 1566,2528"/>
	<TextEquiv>
	<Unicode>e</Unicode></TextEquiv></Glyph>
	<Glyph id="c710">
	<Coords points="1596,2489 1629,2489 1629,2528 1596,2528"/>
	<TextEquiv>
	<Unicode>r</Unicode></TextEquiv></Glyph>
	<TextEquiv>
	<Unicode>dunner</Unicode></TextEquiv></Word>
	<Word id="w711">
	<Coords points="1765,2473 1784,2473 1784,2488 1898,2488 1898,2529 1863,2529 1863,2531 1821,2531 1821,2542 1654,2542 1654,2489 1694,2489 1694,2488 1765,2488"/>
	<Glyph id="c712">
	<Coords points="1654,2489 1689,2489 1689,2542 1654,2542"/>
	<TextEquiv>
	<Unicode>q</Unicode></TextEquiv></Glyph>
	<Glyph id="c713">
	<Coords points="1694,2488 1731,2488 1731,2527 1694,2527"/>
	<TextEquiv>
	<Unicode>u</Unicode></TextEquiv></Glyph>
	<Glyph id="c714">
	<Coords points="1735,2489 1765,2489 1765,2527 1735,2527"/>
	<TextEquiv>
	<Unicode>e</Unicode></TextEquiv></Glyph>
	<Glyph id="c715">
	<Coords points="1765,2473 1784,2473 1784,2526 1765,2526"/>
	<TextEquiv>
	<Unicode>l</Unicode></TextEquiv></Glyph>
	<Glyph id="c716">
	<Coords points="1784,2489 1821,2489 1821,2542 1784,2542"/>
	<TextEquiv>
	<Unicode>q</Unicode></TextEquiv></Glyph>
	<Glyph id="c717">
	<Coords points="1826,2488 1863,2488 1863,2531 1826,2531"/>
	<TextEquiv>
	<Unicode>u</Unicode></TextEquiv></Glyph>
	<Glyph id="c718">
	<Coords points="1866,2488 1898,2488 1898,2529 1866,2529"/>
	<TextEquiv>
	<Unicode>e</Unicode></TextEquiv></Glyph>
	<TextEquiv>
	<Unicode>quelque</Unicode></TextEquiv></Word>
	<Word id="w719">
	<Coords points="1997,2473 2012,2473 2012,2489 2087,2489 2087,2513 2116,2513 2116,2542 2102,2542 2102,2531 1960,2531 1960,2542 1925,2542 1925,2490 1963,2490 1963,2489 1997,2489"/>
	<Glyph id="c720">
	<Coords points="1925,2490 1960,2490 1960,2542 1925,2542"/>
	<TextEquiv>
	<Unicode>p</Unicode></TextEquiv></Glyph>
	<Glyph id="c721">
	<Coords points="1963,2489 1993,2489 1993,2531 1963,2531"/>
	<TextEquiv>
	<Unicode>e</Unicode></TextEquiv></Glyph>
	<Glyph id="c722">
	<Coords points="1997,2473 2012,2473 2012,2526 1997,2526"/>
	<TextEquiv>
	<Unicode>i</Unicode></TextEquiv></Glyph>
	<Glyph id="c723">
	<Coords points="2016,2490 2053,2490 2053,2531 2016,2531"/>
	<TextEquiv>
	<Unicode>n</Unicode></TextEquiv></Glyph>
	<Glyph id="c724">
	<Coords points="2056,2489 2087,2489 2087,2528 2056,2528"/>
	<TextEquiv>
	<Unicode>e</Unicode></TextEquiv></Glyph>
	<Glyph id="c725">
	<Coords points="2102,2513 2116,2513 2116,2542 2102,2542"/>
	<TextEquiv>
	<Unicode>,</Unicode></TextEquiv></Glyph>
	<TextEquiv>
	<Unicode>peine,</Unicode></TextEquiv></Word>
	<Word id="w726">
	<Coords points="2149,2474 2186,2474 2186,2490 2221,2490 2221,2531 2149,2531"/>
	<Glyph id="c727">
	<Coords points="2149,2474 2186,2474 2186,2531 2149,2531"/>
	<TextEquiv>
	<Unicode>d</Unicode></TextEquiv></Glyph>
	<Glyph id="c728">
	<Coords points="2189,2490 2221,2490 2221,2531 2189,2531"/>
	<TextEquiv>
	<Unicode>e</Unicode></TextEquiv></Glyph>
	<TextEquiv>
	<Unicode>de</Unicode></TextEquiv></Word>
	<Word id="w729">
	<Coords points="2303,2473 2320,2473 2320,2490 2386,2490 2386,2531 2247,2531 2247,2475 2303,2475"/>
	<Glyph id="c730">
	<Coords points="2247,2475 2274,2475 2274,2531 2247,2531"/>
	<TextEquiv>
	<Unicode>f</Unicode></TextEquiv></Glyph>
	<Glyph id="c731">
	<Coords points="2269,2490 2300,2490 2300,2531 2269,2531"/>
	<TextEquiv>
	<Unicode>a</Unicode></TextEquiv></Glyph>
	<Glyph id="c732">
	<Coords points="2303,2473 2320,2473 2320,2528 2303,2528"/>
	<TextEquiv>
	<Unicode>i</Unicode></TextEquiv></Glyph>
	<Glyph id="c733">
	<Coords points="2323,2491 2353,2491 2353,2529 2323,2529"/>
	<TextEquiv>
	<Unicode>r</Unicode></TextEquiv></Glyph>
	<Glyph id="c734">
	<Coords points="2356,2490 2386,2490 2386,2531 2356,2531"/>
	<TextEquiv>
	<Unicode>e</Unicode></TextEquiv></Glyph>
	<TextEquiv>
	<Unicode>faire</Unicode></TextEquiv></Word>
	<Word id="w735">
	<Coords points="2529,2476 2546,2476 2546,2489 2685,2489 2685,2529 2580,2529 2580,2543 2414,2543 2414,2491 2455,2491 2455,2490 2529,2490"/>
	<Glyph id="c736">
	<Coords points="2414,2491 2449,2491 2449,2543 2414,2543"/>
	<TextEquiv>
	<Unicode>q</Unicode></TextEquiv></Glyph>
	<Glyph id="c737">
	<Coords points="2455,2490 2490,2490 2490,2528 2455,2528"/>
	<TextEquiv>
	<Unicode>u</Unicode></TextEquiv></Glyph>
	<Glyph id="c738">
	<Coords points="2496,2491 2525,2491 2525,2529 2496,2529"/>
	<TextEquiv>
	<Unicode>e</Unicode></TextEquiv></Glyph>
	<Glyph id="c739">
	<Coords points="2529,2476 2546,2476 2546,2532 2529,2532"/>
	<TextEquiv>
	<Unicode>l</Unicode></TextEquiv></Glyph>
	<Glyph id="c740">
	<Coords points="2544,2490 2580,2490 2580,2543 2544,2543"/>
	<TextEquiv>
	<Unicode>q</Unicode></TextEquiv></Glyph>
	<Glyph id="c741">
	<Coords points="2589,2490 2622,2490 2622,2529 2589,2529"/>
	<TextEquiv>
	<Unicode>u</Unicode></TextEquiv></Glyph>
	<Glyph id="c742">
	<Coords points="2628,2489 2660,2489 2660,2529 2628,2529"/>
	<TextEquiv>
	<Unicode>e</Unicode></TextEquiv></Glyph>
	<Glyph id="c743">
	<Coords points="2658,2489 2685,2489 2685,2529 2658,2529"/>
	<TextEquiv>
	<Unicode>s</Unicode></TextEquiv></Glyph>
	<TextEquiv>
	<Unicode>quelques</Unicode></TextEquiv></Word>
	<Word id="w744">
	<Coords points="2753,2473 2783,2473 2783,2490 2904,2490 2904,2505 2929,2505 2929,2513 2904,2513 2904,2527 2872,2527 2872,2529 2750,2529 2750,2531 2711,2531 2711,2474 2753,2474"/>
	<Glyph id="c745">
	<Coords points="2711,2474 2750,2474 2750,2531 2711,2531"/>
	<TextEquiv>
	<Unicode>d</Unicode></TextEquiv></Glyph>
	<Glyph id="c746">
	<Coords points="2753,2473 2783,2473 2783,2528 2753,2528"/>
	<TextEquiv>
	<Unicode>e</Unicode></TextEquiv></Glyph>
	<Glyph id="c747">
	<Coords points="2786,2490 2841,2490 2841,2529 2786,2529"/>
	<TextEquiv>
	<Unicode>m</Unicode></TextEquiv></Glyph>
	<Glyph id="c748">
	<Coords points="2838,2490 2872,2490 2872,2529 2838,2529"/>
	<TextEquiv>
	<Unicode>a</Unicode></TextEquiv></Glyph>
	<Glyph id="c749">
	<Coords points="2877,2490 2904,2490 2904,2527 2877,2527"/>
	<TextEquiv>
	<Unicode>r</Unicode></TextEquiv></Glyph>
	<Glyph id="c750">
	<Coords points="2905,2505 2929,2505 2929,2513 2905,2513"/>
	<TextEquiv>
	<Unicode>-</Unicode></TextEquiv></Glyph>
	<TextEquiv>
	<Unicode>demar-</Unicode></TextEquiv></Word>
	<TextEquiv>
	<Unicode>de se dunner quelque peine, de faire quelques demar-</Unicode></TextEquiv></TextLine>
	<TextLine id="l751">
	<Coords points="1604,2560 1624,2560 1624,2577 1737,2577 1737,2562 1754,2562 1754,2577 1862,2577 1862,2562 1883,2562 1883,2576 1946,2576 1946,2577 2110,2577 2110,2565 2133,2565 2133,2576 2163,2576 2163,2577 2261,2577 2261,2578 2522,2578 2522,2566 2641,2566 2641,2563 2711,2563 2711,2569 2735,2569 2735,2577 2812,2577 2812,2578 2901,2578 2901,2593 2926,2593 2926,2603 2901,2603 2901,2618 2812,2618 2812,2619 2711,2619 2711,2622 2641,2622 2641,2619 2519,2619 2519,2621 2446,2621 2446,2623 2334,2623 2334,2632 2296,2632 2296,2623 2180,2623 2180,2631 2165,2631 2165,2619 2110,2619 2110,2618 1976,2618 1976,2621 1861,2621 1861,2635 1825,2635 1825,2618 1666,2618 1666,2617 1549,2617 1549,2618 1401,2618 1401,2628 1365,2628 1365,2618 1251,2618 1251,2617 1218,2617 1218,2577 1251,2577 1251,2562 1286,2562 1286,2576 1435,2576 1435,2577 1550,2577 1550,2576 1581,2576 1581,2563 1604,2563"/>
	<Word id="w752">
	<Coords points="1251,2562 1286,2562 1286,2577 1348,2577 1348,2616 1286,2616 1286,2618 1251,2618 1251,2617 1218,2617 1218,2577 1251,2577"/>
	<Glyph id="c753">
	<Coords points="1218,2577 1249,2577 1249,2617 1218,2617"/>
	<TextEquiv>
	<Unicode>c</Unicode></TextEquiv></Glyph>
	<Glyph id="c754">
	<Coords points="1251,2562 1286,2562 1286,2618 1251,2618"/>
	<TextEquiv>
	<Unicode>h</Unicode></TextEquiv></Glyph>
	<Glyph id="c755">
	<Coords points="1290,2577 1322,2577 1322,2616 1290,2616"/>
	<TextEquiv>
	<Unicode>e</Unicode></TextEquiv></Glyph>
	<Glyph id="c756">
	<Coords points="1320,2577 1348,2577 1348,2616 1320,2616"/>
	<TextEquiv>
	<Unicode>s</Unicode></TextEquiv></Glyph>
	<TextEquiv>
	<Unicode>ches</Unicode></TextEquiv></Word>
	<Word id="w757">
	<Coords points="1365,2576 1435,2576 1435,2577 1509,2577 1509,2618 1401,2618 1401,2628 1365,2628"/>
	<Glyph id="c758">
	<Coords points="1365,2576 1401,2576 1401,2628 1365,2628"/>
	<TextEquiv>
	<Unicode>p</Unicode></TextEquiv></Glyph>
	<Glyph id="c759">
	<Coords points="1403,2576 1435,2576 1435,2618 1403,2618"/>
	<TextEquiv>
	<Unicode>o</Unicode></TextEquiv></Glyph>
	<Glyph id="c760">
	<Coords points="1439,2577 1477,2577 1477,2618 1439,2618"/>
	<TextEquiv>
	<Unicode>u</Unicode></TextEquiv></Glyph>
	<Glyph id="c761">
	<Coords points="1480,2577 1509,2577 1509,2618 1480,2618"/>
	<TextEquiv>
	<Unicode>r</Unicode></TextEquiv></Glyph>
	<TextEquiv>
	<Unicode>pour</Unicode></TextEquiv></Word>
	<Word id="w762">
	<Coords points="1604,2560 1624,2560 1624,2577 1737,2577 1737,2562 1754,2562 1754,2577 1815,2577 1815,2618 1666,2618 1666,2617 1549,2617 1549,2618 1518,2618 1518,2577 1550,2577 1550,2576 1581,2576 1581,2563 1604,2563"/>
	<Glyph id="c763">
	<Coords points="1518,2577 1549,2577 1549,2618 1518,2618"/>
	<TextEquiv>
	<Unicode>a</Unicode></TextEquiv></Glyph>
	<Glyph id="c764">
	<Coords points="1550,2576 1584,2576 1584,2617 1550,2617"/>
	<TextEquiv>
	<Unicode>c</Unicode></TextEquiv></Glyph>
	<Glyph id="c765">
	<Coords points="1581,2563 1607,2563 1607,2617 1581,2617"/>
	<TextEquiv>
	<Unicode>t</Unicode></TextEquiv></Glyph>
	<Glyph id="c766">
	<Coords points="1604,2560 1624,2560 1624,2617 1604,2617"/>
	<TextEquiv>
	<Unicode>i</Unicode></TextEquiv></Glyph>
	<Glyph id="c767">
	<Coords points="1628,2577 1664,2577 1664,2615 1628,2615"/>
	<TextEquiv>
	<Unicode>v</Unicode></TextEquiv></Glyph>
	<Glyph id="c768">
	<Coords points="1666,2577 1696,2577 1696,2618 1666,2618"/>
	<TextEquiv>
	<Unicode>e</Unicode></TextEquiv></Glyph>
	<Glyph id="c769">
	<Coords points="1699,2577 1728,2577 1728,2614 1699,2614"/>
	<TextEquiv>
	<Unicode>r</Unicode></TextEquiv></Glyph>
	<Glyph id="c770">
	<Coords points="1737,2562 1754,2562 1754,2616 1737,2616"/>
	<TextEquiv>
	<Unicode>l</Unicode></TextEquiv></Glyph>
	<Glyph id="c771">
	<Coords points="1758,2577 1787,2577 1787,2618 1758,2618"/>
	<TextEquiv>
	<Unicode>e</Unicode></TextEquiv></Glyph>
	<Glyph id="c772">
	<Coords points="1789,2577 1815,2577 1815,2618 1789,2618"/>
	<TextEquiv>
	<Unicode>s</Unicode></TextEquiv></Glyph>
	<TextEquiv>
	<Unicode>activerles</Unicode></TextEquiv></Word>
	<Word id="w773">
	<Coords points="1862,2562 1883,2562 1883,2576 1946,2576 1946,2577 2110,2577 2110,2565 2133,2565 2133,2576 2163,2576 2163,2602 2180,2602 2180,2631 2165,2631 2165,2619 2110,2619 2110,2618 1976,2618 1976,2621 1861,2621 1861,2635 1825,2635 1825,2577 1862,2577"/>
	<Glyph id="c774">
	<Coords points="1825,2577 1861,2577 1861,2635 1825,2635"/>
	<TextEquiv>
	<Unicode>p</Unicode></TextEquiv></Glyph>
	<Glyph id="c775">
	<Coords points="1862,2562 1883,2562 1883,2618 1862,2618"/>
	<TextEquiv>
	<Unicode>l</Unicode></TextEquiv></Glyph>
	<Glyph id="c776">
	<Coords points="1879,2576 1915,2576 1915,2618 1879,2618"/>
	<TextEquiv>
	<Unicode>a</Unicode></TextEquiv></Glyph>
	<Glyph id="c777">
	<Coords points="1912,2576 1946,2576 1946,2618 1912,2618"/>
	<TextEquiv>
	<Unicode>c</Unicode></TextEquiv></Glyph>
	<Glyph id="c778">
	<Coords points="1947,2577 1976,2577 1976,2621 1947,2621"/>
	<TextEquiv>
	<Unicode>e</Unicode></TextEquiv></Glyph>
	<Glyph id="c779">
	<Coords points="1980,2577 2034,2577 2034,2615 1980,2615"/>
	<TextEquiv>
	<Unicode>m</Unicode></TextEquiv></Glyph>
	<Glyph id="c780">
	<Coords points="2036,2577 2067,2577 2067,2618 2036,2618"/>
	<TextEquiv>
	<Unicode>e</Unicode></TextEquiv></Glyph>
	<Glyph id="c781">
	<Coords points="2071,2577 2107,2577 2107,2615 2071,2615"/>
	<TextEquiv>
	<Unicode>n</Unicode></TextEquiv></Glyph>
	<Glyph id="c782">
	<Coords points="2110,2565 2133,2565 2133,2619 2110,2619"/>
	<TextEquiv>
	<Unicode>t</Unicode></TextEquiv></Glyph>
	<Glyph id="c783">
	<Coords points="2130,2576 2163,2576 2163,2619 2130,2619"/>
	<TextEquiv>
	<Unicode>s</Unicode></TextEquiv></Glyph>
	<Glyph id="c784">
	<Coords points="2165,2602 2180,2602 2180,2631 2165,2631"/>
	<TextEquiv>
	<Unicode>,</Unicode></TextEquiv></Glyph>
	<TextEquiv>
	<Unicode>placements,</Unicode></TextEquiv></Word>
	<Word id="w785">
	<Coords points="2641,2563 2711,2563 2711,2569 2735,2569 2735,2577 2812,2577 2812,2578 2901,2578 2901,2593 2926,2593 2926,2603 2901,2603 2901,2618 2812,2618 2812,2619 2711,2619 2711,2622 2641,2622 2641,2619 2519,2619 2519,2621 2446,2621 2446,2623 2334,2623 2334,2632 2296,2632 2296,2623 2204,2623 2204,2577 2261,2577 2261,2578 2522,2578 2522,2566 2641,2566"/>
	<Glyph id="c786">
	<Coords points="2204,2577 2261,2577 2261,2623 2204,2623"/>
	<TextEquiv>
	<Unicode>m</Unicode></TextEquiv></Glyph>
	<Glyph id="c787">
	<Coords points="2264,2578 2295,2578 2295,2616 2264,2616"/>
	<TextEquiv>
	<Unicode>o</Unicode></TextEquiv></Glyph>
	<Glyph id="c788">
	<Coords points="2296,2578 2334,2578 2334,2632 2296,2632"/>
	<TextEquiv>
	<Unicode>y</Unicode></TextEquiv></Glyph>
	<Glyph id="c789">
	<Coords points="2334,2578 2366,2578 2366,2616 2334,2616"/>
	<TextEquiv>
	<Unicode>e</Unicode></TextEquiv></Glyph>
	<Glyph id="c790">
	<Coords points="2370,2580 2405,2580 2405,2620 2370,2620"/>
	<TextEquiv>
	<Unicode>n</Unicode></TextEquiv></Glyph>
	<Glyph id="c791">
	<Coords points="2409,2579 2446,2579 2446,2623 2409,2623"/>
	<TextEquiv>
	<Unicode>n</Unicode></TextEquiv></Glyph>
	<Glyph id="c792">
	<Coords points="2448,2578 2478,2578 2478,2615 2448,2615"/>
	<TextEquiv>
	<Unicode>a</Unicode></TextEquiv></Glyph>
	<Glyph id="c793">
	<Coords points="2482,2578 2519,2578 2519,2621 2482,2621"/>
	<TextEquiv>
	<Unicode>n</Unicode></TextEquiv></Glyph>
	<Glyph id="c794">
	<Coords points="2522,2566 2544,2566 2544,2618 2522,2618"/>
	<TextEquiv>
	<Unicode>t</Unicode></TextEquiv></Glyph>
	<Glyph id="c795">
	<Coords points="2554,2578 2593,2578 2593,2619 2554,2619"/>
	<TextEquiv>
	<Unicode>u</Unicode></TextEquiv></Glyph>
	<Glyph id="c796">
	<Coords points="2591,2578 2631,2578 2631,2619 2591,2619"/>
	<TextEquiv>
	<Unicode>n</Unicode></TextEquiv></Glyph>
	<Glyph id="c797">
	<Coords points="2641,2563 2711,2563 2711,2622 2641,2622"/>
	<TextEquiv>
	<Unicode>ﬂ</Unicode></TextEquiv></Glyph>
	<Glyph id="c798">
	<Coords points="2715,2569 2735,2569 2735,2590 2715,2590"/>
	<TextEquiv>
	<Unicode>‘</Unicode></TextEquiv></Glyph>
	<Glyph id="c799">
	<Coords points="2744,2577 2812,2577 2812,2619 2744,2619"/>
	<TextEquiv>
	<Unicode>u</Unicode></TextEquiv></Glyph>
	<Glyph id="c800">
	<Coords points="2813,2578 2842,2578 2842,2615 2813,2615"/>
	<TextEquiv>
	<Unicode>e</Unicode></TextEquiv></Glyph>
	<Glyph id="c801">
	<Coords points="2845,2578 2901,2578 2901,2618 2845,2618"/>
	<TextEquiv>
	<Unicode>m</Unicode></TextEquiv></Glyph>
	<Glyph id="c802">
	<Coords points="2901,2593 2926,2593 2926,2603 2901,2603"/>
	<TextEquiv>
	<Unicode>-</Unicode></TextEquiv></Glyph>
	<TextEquiv>
	<Unicode>moyennantunﬂ‘uem-</Unicode></TextEquiv></Word>
	<TextEquiv>
	<Unicode>ches pour activerles placements, moyennantunﬂ‘uem-</Unicode></TextEquiv></TextLine>
	<TextLine id="l803">
	<Coords points="1307,2649 1323,2649 1323,2665 1394,2665 1394,2689 1414,2689 1414,2704 1394,2704 1394,2705 1304,2705 1304,2706 1253,2706 1253,2719 1215,2719 1215,2667 1254,2667 1254,2651 1307,2651"/>
	<Word id="w804">
	<Coords points="1307,2649 1323,2649 1323,2665 1394,2665 1394,2689 1414,2689 1414,2704 1394,2704 1394,2705 1304,2705 1304,2706 1253,2706 1253,2719 1215,2719 1215,2667 1254,2667 1254,2651 1307,2651"/>
	<Glyph id="c805">
	<Coords points="1215,2667 1253,2667 1253,2719 1215,2719"/>
	<TextEquiv>
	<Unicode>p</Unicode></TextEquiv></Glyph>
	<Glyph id="c806">
	<Coords points="1254,2651 1270,2651 1270,2706 1254,2706"/>
	<TextEquiv>
	<Unicode>l</Unicode></TextEquiv></Glyph>
	<Glyph id="c807">
	<Coords points="1268,2665 1304,2665 1304,2706 1268,2706"/>
	<TextEquiv>
	<Unicode>a</Unicode></TextEquiv></Glyph>
	<Glyph id="c808">
	<Coords points="1307,2649 1323,2649 1323,2704 1307,2704"/>
	<TextEquiv>
	<Unicode>i</Unicode></TextEquiv></Glyph>
	<Glyph id="c809">
	<Coords points="1329,2666 1360,2666 1360,2704 1329,2704"/>
	<TextEquiv>
	<Unicode>r</Unicode></TextEquiv></Glyph>
	<Glyph id="c810">
	<Coords points="1362,2665 1394,2665 1394,2705 1362,2705"/>
	<TextEquiv>
	<Unicode>e</Unicode></TextEquiv></Glyph>
	<Glyph id="c811">
	<Coords points="1399,2689 1414,2689 1414,2704 1399,2704"/>
	<TextEquiv>
	<Unicode>.</Unicode></TextEquiv></Glyph>
	<TextEquiv>
	<Unicode>plaire.</Unicode></TextEquiv></Word>
	<TextEquiv>
	<Unicode>plaire.</Unicode></TextEquiv></TextLine>
	<TextEquiv>
	<Unicode>Un pen plus tard les commissionnaires sollicitérent
humblement une augmentation qui leur fut accordée,
elle fut de 8 et 40 p. °/o; bientdt ils offrirent aux éditeurs
de se dunner quelque peine, de faire quelques demar-
ches pour activerles placements, moyennantunﬂ‘uem-
plaire.</Unicode></TextEquiv></TextRegion>
	<TextRegion id="r812" type="paragraph">
	<Coords points="1292,2738 1336,2738 1336,2754 1449,2754 1449,2739 1482,2739 1482,2753 1607,2753 1607,2754 1823,2754 1823,2741 1848,2741 1848,2738 1878,2738 1878,2755 1987,2755 1987,2742 2032,2742 2032,2741 2053,2741 2053,2739 2084,2739 2084,2755 2216,2755 2216,2739 2252,2739 2252,2742 2350,2742 2350,2755 2507,2755 2507,2739 2545,2739 2545,2742 2630,2742 2630,2754 2660,2754 2660,2755 2845,2755 2845,2740 2862,2740 2862,2756 2924,2756 2924,2796 2923,2796 2923,2882 2921,2882 2921,2972 2920,2972 2920,3116 2922,3116 2922,3154 2921,3154 2921,3243 2920,3243 2920,3321 2894,3321 2894,3334 2864,3334 2864,3333 2703,3333 2703,3349 2666,3349 2666,3334 2589,3334 2589,3333 2485,3333 2485,3337 2447,3337 2447,3335 2344,3335 2344,3379 1501,3379 1501,3423 1288,3423 1288,3424 1247,3424 1247,3440 1213,3440 1213,3388 1214,3388 1214,3261 1213,3261 1213,3208 1216,3208 1216,3012 1217,3012 1217,2888 1216,2888 1216,2830 1240,2830 1240,2828 1292,2828"/>
	<TextLine id="l813">
	<Coords points="1292,2738 1336,2738 1336,2754 1449,2754 1449,2739 1482,2739 1482,2753 1607,2753 1607,2754 1823,2754 1823,2741 1848,2741 1848,2738 1878,2738 1878,2755 1987,2755 1987,2742 2032,2742 2032,2741 2053,2741 2053,2739 2084,2739 2084,2755 2216,2755 2216,2739 2252,2739 2252,2742 2350,2742 2350,2755 2507,2755 2507,2739 2545,2739 2545,2742 2630,2742 2630,2754 2660,2754 2660,2755 2845,2755 2845,2740 2862,2740 2862,2756 2924,2756 2924,2796 2814,2796 2814,2809 2799,2809 2799,2808 2720,2808 2720,2798 2408,2798 2408,2808 2369,2808 2369,2796 2254,2796 2254,2794 2142,2794 2142,2808 2106,2808 2106,2798 1946,2798 1946,2794 1820,2794 1820,2797 1794,2797 1794,2796 1415,2796 1415,2794 1292,2794"/>
	<Word id="w814">
	<Coords points="1292,2738 1336,2738 1336,2755 1396,2755 1396,2792 1336,2792 1336,2794 1292,2794"/>
	<Glyph id="c815">
	<Coords points="1292,2738 1336,2738 1336,2794 1292,2794"/>
	<TextEquiv>
	<Unicode>L</Unicode></TextEquiv></Glyph>
	<Glyph id="c816">
	<Coords points="1337,2755 1367,2755 1367,2792 1337,2792"/>
	<TextEquiv>
	<Unicode>e</Unicode></TextEquiv></Glyph>
	<Glyph id="c817">
	<Coords points="1369,2755 1396,2755 1396,2792 1369,2792"/>
	<TextEquiv>
	<Unicode>s</Unicode></TextEquiv></Glyph>
	<TextEquiv>
	<Unicode>Les</Unicode></TextEquiv></Word>
	<Word id="w818">
	<Coords points="1449,2739 1482,2739 1482,2753 1607,2753 1607,2796 1415,2796 1415,2754 1449,2754"/>
	<Glyph id="c819">
	<Coords points="1415,2754 1445,2754 1445,2796 1415,2796"/>
	<TextEquiv>
	<Unicode>c</Unicode></TextEquiv></Glyph>
	<Glyph id="c820">
	<Coords points="1449,2739 1482,2739 1482,2796 1449,2796"/>
	<TextEquiv>
	<Unicode>h</Unicode></TextEquiv></Glyph>
	<Glyph id="c821">
	<Coords points="1486,2754 1519,2754 1519,2794 1486,2794"/>
	<TextEquiv>
	<Unicode>a</Unicode></TextEquiv></Glyph>
	<Glyph id="c822">
	<Coords points="1520,2754 1549,2754 1549,2794 1520,2794"/>
	<TextEquiv>
	<Unicode>s</Unicode></TextEquiv></Glyph>
	<Glyph id="c823">
	<Coords points="1545,2754 1579,2754 1579,2794 1545,2794"/>
	<TextEquiv>
	<Unicode>e</Unicode></TextEquiv></Glyph>
	<Glyph id="c824">
	<Coords points="1581,2753 1607,2753 1607,2796 1581,2796"/>
	<TextEquiv>
	<Unicode>s</Unicode></TextEquiv></Glyph>
	<TextEquiv>
	<Unicode>chases</Unicode></TextEquiv></Word>
	<Word id="w825">
	<Coords points="1634,2754 1665,2754 1665,2755 1704,2755 1704,2796 1667,2796 1667,2792 1634,2792"/>
	<Glyph id="c826">
	<Coords points="1634,2754 1665,2754 1665,2792 1634,2792"/>
	<TextEquiv>
	<Unicode>e</Unicode></TextEquiv></Glyph>
	<Glyph id="c827">
	<Coords points="1667,2755 1704,2755 1704,2796 1667,2796"/>
	<TextEquiv>
	<Unicode>n</Unicode></TextEquiv></Glyph>
	<TextEquiv>
	<Unicode>en</Unicode></TextEquiv></Word>
	<Word id="w828">
	<Coords points="1848,2738 1878,2738 1878,2755 1987,2755 1987,2742 2009,2742 2009,2798 1946,2798 1946,2794 1820,2794 1820,2797 1794,2797 1794,2796 1731,2796 1731,2755 1763,2755 1763,2754 1823,2754 1823,2741 1848,2741"/>
	<Glyph id="c829">
	<Coords points="1731,2755 1761,2755 1761,2796 1731,2796"/>
	<TextEquiv>
	<Unicode>r</Unicode></TextEquiv></Glyph>
	<Glyph id="c830">
	<Coords points="1763,2754 1792,2754 1792,2796 1763,2796"/>
	<TextEquiv>
	<Unicode>e</Unicode></TextEquiv></Glyph>
	<Glyph id="c831">
	<Coords points="1794,2754 1820,2754 1820,2797 1794,2797"/>
	<TextEquiv>
	<Unicode>s</Unicode></TextEquiv></Glyph>
	<Glyph id="c832">
	<Coords points="1823,2741 1845,2741 1845,2792 1823,2792"/>
	<TextEquiv>
	<Unicode>t</Unicode></TextEquiv></Glyph>
	<Glyph id="c833">
	<Coords points="1848,2738 1878,2738 1878,2794 1848,2794"/>
	<TextEquiv>
	<Unicode>é</Unicode></TextEquiv></Glyph>
	<Glyph id="c834">
	<Coords points="1882,2755 1912,2755 1912,2792 1882,2792"/>
	<TextEquiv>
	<Unicode>r</Unicode></TextEquiv></Glyph>
	<Glyph id="c835">
	<Coords points="1914,2755 1943,2755 1943,2793 1914,2793"/>
	<TextEquiv>
	<Unicode>e</Unicode></TextEquiv></Glyph>
	<Glyph id="c836">
	<Coords points="1946,2757 1983,2757 1983,2798 1946,2798"/>
	<TextEquiv>
	<Unicode>n</Unicode></TextEquiv></Glyph>
	<Glyph id="c837">
	<Coords points="1987,2742 2009,2742 2009,2798 1987,2798"/>
	<TextEquiv>
	<Unicode>t</Unicode></TextEquiv></Glyph>
	<TextEquiv>
	<Unicode>restérent</Unicode></TextEquiv></Word>
	<Word id="w838">
	<Coords points="2053,2739 2084,2739 2084,2797 2053,2797 2053,2796 2032,2796 2032,2741 2053,2741"/>
	<Glyph id="c839">
	<Coords points="2032,2741 2050,2741 2050,2796 2032,2796"/>
	<TextEquiv>
	<Unicode>1</Unicode></TextEquiv></Glyph>
	<Glyph id="c840">
	<Coords points="2053,2739 2084,2739 2084,2797 2053,2797"/>
	<TextEquiv>
	<Unicode>a</Unicode></TextEquiv></Glyph>
	<TextEquiv>
	<Unicode>1a</Unicode></TextEquiv></Word>
	<Word id="w841">
	<Coords points="2216,2739 2252,2739 2252,2742 2350,2742 2350,2793 2325,2793 2325,2796 2254,2796 2254,2794 2142,2794 2142,2808 2106,2808 2106,2756 2145,2756 2145,2755 2216,2755"/>
	<Glyph id="c842">
	<Coords points="2106,2756 2142,2756 2142,2808 2106,2808"/>
	<TextEquiv>
	<Unicode>p</Unicode></TextEquiv></Glyph>
	<Glyph id="c843">
	<Coords points="2145,2755 2175,2755 2175,2793 2145,2793"/>
	<TextEquiv>
	<Unicode>e</Unicode></TextEquiv></Glyph>
	<Glyph id="c844">
	<Coords points="2179,2756 2213,2756 2213,2793 2179,2793"/>
	<TextEquiv>
	<Unicode>n</Unicode></TextEquiv></Glyph>
	<Glyph id="c845">
	<Coords points="2216,2739 2252,2739 2252,2794 2216,2794"/>
	<TextEquiv>
	<Unicode>d</Unicode></TextEquiv></Glyph>
	<Glyph id="c846">
	<Coords points="2254,2755 2285,2755 2285,2796 2254,2796"/>
	<TextEquiv>
	<Unicode>a</Unicode></TextEquiv></Glyph>
	<Glyph id="c847">
	<Coords points="2289,2755 2325,2755 2325,2796 2289,2796"/>
	<TextEquiv>
	<Unicode>n</Unicode></TextEquiv></Glyph>
	<Glyph id="c848">
	<Coords points="2328,2742 2350,2742 2350,2793 2328,2793"/>
	<TextEquiv>
	<Unicode>t</Unicode></TextEquiv></Glyph>
	<TextEquiv>
	<Unicode>pendant</Unicode></TextEquiv></Word>
	<Word id="w849">
	<Coords points="2369,2755 2439,2755 2439,2756 2480,2756 2480,2798 2408,2798 2408,2808 2369,2808"/>
	<Glyph id="c850">
	<Coords points="2369,2755 2408,2755 2408,2808 2369,2808"/>
	<TextEquiv>
	<Unicode>p</Unicode></TextEquiv></Glyph>
	<Glyph id="c851">
	<Coords points="2405,2755 2439,2755 2439,2795 2405,2795"/>
	<TextEquiv>
	<Unicode>e</Unicode></TextEquiv></Glyph>
	<Glyph id="c852">
	<Coords points="2441,2756 2480,2756 2480,2798 2441,2798"/>
	<TextEquiv>
	<Unicode>n</Unicode></TextEquiv></Glyph>
	<TextEquiv>
	<Unicode>pen</Unicode></TextEquiv></Word>
	<Word id="w853">
	<Coords points="2507,2739 2545,2739 2545,2756 2579,2756 2579,2798 2547,2798 2547,2796 2507,2796"/>
	<Glyph id="c854">
	<Coords points="2507,2739 2545,2739 2545,2796 2507,2796"/>
	<TextEquiv>
	<Unicode>d</Unicode></TextEquiv></Glyph>
	<Glyph id="c855">
	<Coords points="2547,2756 2579,2756 2579,2798 2547,2798"/>
	<TextEquiv>
	<Unicode>e</Unicode></TextEquiv></Glyph>
	<TextEquiv>
	<Unicode>de</Unicode></TextEquiv></Word>
	<Word id="w856">
	<Coords points="2607,2742 2630,2742 2630,2754 2660,2754 2660,2755 2785,2755 2785,2780 2814,2780 2814,2809 2799,2809 2799,2808 2720,2808 2720,2798 2627,2798 2627,2794 2607,2794"/>
	<Glyph id="c857">
	<Coords points="2607,2742 2630,2742 2630,2794 2607,2794"/>
	<TextEquiv>
	<Unicode>t</Unicode></TextEquiv></Glyph>
	<Glyph id="c858">
	<Coords points="2627,2754 2660,2754 2660,2798 2627,2798"/>
	<TextEquiv>
	<Unicode>e</Unicode></TextEquiv></Glyph>
	<Glyph id="c859">
	<Coords points="2664,2755 2719,2755 2719,2795 2664,2795"/>
	<TextEquiv>
	<Unicode>m</Unicode></TextEquiv></Glyph>
	<Glyph id="c860">
	<Coords points="2720,2755 2757,2755 2757,2808 2720,2808"/>
	<TextEquiv>
	<Unicode>p</Unicode></TextEquiv></Glyph>
	<Glyph id="c861">
	<Coords points="2754,2755 2785,2755 2785,2795 2754,2795"/>
	<TextEquiv>
	<Unicode>s</Unicode></TextEquiv></Glyph>
	<Glyph id="c862">
	<Coords points="2799,2780 2814,2780 2814,2809 2799,2809"/>
	<TextEquiv>
	<Unicode>,</Unicode></TextEquiv></Glyph>
	<TextEquiv>
	<Unicode>temps,</Unicode></TextEquiv></Word>
	<Word id="w863">
	<Coords points="2845,2740 2862,2740 2862,2756 2924,2756 2924,2796 2897,2796 2897,2792 2845,2792"/>
	<Glyph id="c864">
	<Coords points="2845,2740 2862,2740 2862,2792 2845,2792"/>
	<TextEquiv>
	<Unicode>l</Unicode></TextEquiv></Glyph>
	<Glyph id="c865">
	<Coords points="2866,2756 2895,2756 2895,2792 2866,2792"/>
	<TextEquiv>
	<Unicode>e</Unicode></TextEquiv></Glyph>
	<Glyph id="c866">
	<Coords points="2897,2756 2924,2756 2924,2796 2897,2796"/>
	<TextEquiv>
	<Unicode>s</Unicode></TextEquiv></Glyph>
	<TextEquiv>
	<Unicode>les</Unicode></TextEquiv></Word>
	<TextEquiv>
	<Unicode>Les chases en restérent 1a pendant pen de temps, les</Unicode></TextEquiv></TextLine>
	<TextLine id="l867">
	<Coords points="1240,2828 1254,2828 1254,2829 1363,2829 1363,2828 1379,2828 1379,2843 1505,2843 1505,2828 1542,2828 1542,2843 1650,2843 1650,2832 1707,2832 1707,2828 1751,2828 1751,2842 1805,2842 1805,2845 1976,2845 1976,2828 2005,2828 2005,2845 2109,2845 2109,2832 2190,2832 2190,2828 2205,2828 2205,2844 2409,2844 2409,2846 2556,2846 2556,2845 2597,2845 2597,2831 2613,2831 2613,2829 2627,2829 2627,2830 2704,2830 2704,2845 2837,2845 2837,2829 2862,2829 2862,2830 2896,2830 2896,2832 2923,2832 2923,2882 2779,2882 2779,2884 2742,2884 2742,2883 2552,2883 2552,2899 2515,2899 2515,2888 2373,2888 2373,2898 2335,2898 2335,2888 2282,2888 2282,2884 2163,2884 2163,2886 2067,2886 2067,2888 1942,2888 1942,2898 1905,2898 1905,2888 1874,2888 1874,2886 1707,2886 1707,2885 1650,2885 1650,2884 1471,2884 1471,2885 1234,2885 1234,2888 1216,2888 1216,2830 1240,2830"/>
	<Word id="w868">
	<Coords points="1240,2828 1254,2828 1254,2829 1363,2829 1363,2828 1379,2828 1379,2843 1471,2843 1471,2885 1234,2885 1234,2888 1216,2888 1216,2830 1240,2830"/>
	<Glyph id="c869">
	<Coords points="1216,2830 1234,2830 1234,2888 1216,2888"/>
	<TextEquiv>
	<Unicode>l</Unicode></TextEquiv></Glyph>
	<Glyph id="c870">
	<Coords points="1240,2828 1254,2828 1254,2882 1240,2882"/>
	<TextEquiv>
	<Unicode>i</Unicode></TextEquiv></Glyph>
	<Glyph id="c871">
	<Coords points="1258,2829 1296,2829 1296,2884 1258,2884"/>
	<TextEquiv>
	<Unicode>b</Unicode></TextEquiv></Glyph>
	<Glyph id="c872">
	<Coords points="1298,2845 1328,2845 1328,2885 1298,2885"/>
	<TextEquiv>
	<Unicode>r</Unicode></TextEquiv></Glyph>
	<Glyph id="c873">
	<Coords points="1326,2845 1360,2845 1360,2885 1326,2885"/>
	<TextEquiv>
	<Unicode>a</Unicode></TextEquiv></Glyph>
	<Glyph id="c874">
	<Coords points="1363,2828 1379,2828 1379,2883 1363,2883"/>
	<TextEquiv>
	<Unicode>i</Unicode></TextEquiv></Glyph>
	<Glyph id="c875">
	<Coords points="1384,2844 1411,2844 1411,2880 1384,2880"/>
	<TextEquiv>
	<Unicode>r</Unicode></TextEquiv></Glyph>
	<Glyph id="c876">
	<Coords points="1414,2843 1445,2843 1445,2885 1414,2885"/>
	<TextEquiv>
	<Unicode>e</Unicode></TextEquiv></Glyph>
	<Glyph id="c877">
	<Coords points="1442,2843 1471,2843 1471,2885 1442,2885"/>
	<TextEquiv>
	<Unicode>s</Unicode></TextEquiv></Glyph>
	<TextEquiv>
	<Unicode>libraires</Unicode></TextEquiv></Word>
	<Word id="w878">
	<Coords points="1505,2828 1542,2828 1542,2843 1650,2843 1650,2832 1673,2832 1673,2885 1650,2885 1650,2884 1547,2884 1547,2883 1505,2883"/>
	<Glyph id="c879">
	<Coords points="1505,2828 1542,2828 1542,2883 1505,2883"/>
	<TextEquiv>
	<Unicode>ﬁ</Unicode></TextEquiv></Glyph>
	<Glyph id="c880">
	<Coords points="1547,2844 1576,2844 1576,2884 1547,2884"/>
	<TextEquiv>
	<Unicode>r</Unicode></TextEquiv></Glyph>
	<Glyph id="c881">
	<Coords points="1577,2843 1607,2843 1607,2881 1577,2881"/>
	<TextEquiv>
	<Unicode>e</Unicode></TextEquiv></Glyph>
	<Glyph id="c882">
	<Coords points="1610,2844 1646,2844 1646,2883 1610,2883"/>
	<TextEquiv>
	<Unicode>n</Unicode></TextEquiv></Glyph>
	<Glyph id="c883">
	<Coords points="1650,2832 1673,2832 1673,2885 1650,2885"/>
	<TextEquiv>
	<Unicode>t</Unicode></TextEquiv></Glyph>
	<TextEquiv>
	<Unicode>ﬁrent</Unicode></TextEquiv></Word>
	<Word id="w884">
	<Coords points="1707,2828 1751,2828 1751,2842 1805,2842 1805,2883 1751,2883 1751,2886 1707,2886"/>
	<Glyph id="c885">
	<Coords points="1707,2828 1751,2828 1751,2886 1707,2886"/>
	<TextEquiv>
	<Unicode>d</Unicode></TextEquiv></Glyph>
	<Glyph id="c886">
	<Coords points="1746,2843 1780,2843 1780,2882 1746,2882"/>
	<TextEquiv>
	<Unicode>e</Unicode></TextEquiv></Glyph>
	<Glyph id="c887">
	<Coords points="1776,2842 1805,2842 1805,2883 1776,2883"/>
	<TextEquiv>
	<Unicode>s</Unicode></TextEquiv></Glyph>
	<TextEquiv>
	<Unicode>des</Unicode></TextEquiv></Word>
	<Word id="w888">
	<Coords points="1976,2828 2005,2828 2005,2845 2109,2845 2109,2832 2190,2832 2190,2828 2205,2828 2205,2844 2241,2844 2241,2845 2309,2845 2309,2888 2282,2888 2282,2884 2163,2884 2163,2886 2067,2886 2067,2888 1942,2888 1942,2898 1905,2898 1905,2888 1874,2888 1874,2886 1844,2886 1844,2845 1976,2845"/>
	<Glyph id="c889">
	<Coords points="1844,2845 1872,2845 1872,2886 1844,2886"/>
	<TextEquiv>
	<Unicode>r</Unicode></TextEquiv></Glyph>
	<Glyph id="c890">
	<Coords points="1874,2845 1904,2845 1904,2888 1874,2888"/>
	<TextEquiv>
	<Unicode>e</Unicode></TextEquiv></Glyph>
	<Glyph id="c891">
	<Coords points="1905,2847 1942,2847 1942,2898 1905,2898"/>
	<TextEquiv>
	<Unicode>p</Unicode></TextEquiv></Glyph>
	<Glyph id="c892">
	<Coords points="1946,2846 1974,2846 1974,2887 1946,2887"/>
	<TextEquiv>
	<Unicode>r</Unicode></TextEquiv></Glyph>
	<Glyph id="c893">
	<Coords points="1976,2828 2005,2828 2005,2883 1976,2883"/>
	<TextEquiv>
	<Unicode>e</Unicode></TextEquiv></Glyph>
	<Glyph id="c894">
	<Coords points="2007,2845 2033,2845 2033,2886 2007,2886"/>
	<TextEquiv>
	<Unicode>s</Unicode></TextEquiv></Glyph>
	<Glyph id="c895">
	<Coords points="2037,2845 2067,2845 2067,2888 2037,2888"/>
	<TextEquiv>
	<Unicode>e</Unicode></TextEquiv></Glyph>
	<Glyph id="c896">
	<Coords points="2069,2846 2105,2846 2105,2883 2069,2883"/>
	<TextEquiv>
	<Unicode>n</Unicode></TextEquiv></Glyph>
	<Glyph id="c897">
	<Coords points="2109,2832 2130,2832 2130,2884 2109,2884"/>
	<TextEquiv>
	<Unicode>t</Unicode></TextEquiv></Glyph>
	<Glyph id="c898">
	<Coords points="2132,2845 2163,2845 2163,2886 2132,2886"/>
	<TextEquiv>
	<Unicode>a</Unicode></TextEquiv></Glyph>
	<Glyph id="c899">
	<Coords points="2166,2832 2187,2832 2187,2883 2166,2883"/>
	<TextEquiv>
	<Unicode>t</Unicode></TextEquiv></Glyph>
	<Glyph id="c900">
	<Coords points="2190,2828 2205,2828 2205,2884 2190,2884"/>
	<TextEquiv>
	<Unicode>i</Unicode></TextEquiv></Glyph>
	<Glyph id="c901">
	<Coords points="2209,2844 2241,2844 2241,2884 2209,2884"/>
	<TextEquiv>
	<Unicode>o</Unicode></TextEquiv></Glyph>
	<Glyph id="c902">
	<Coords points="2244,2846 2280,2846 2280,2883 2244,2883"/>
	<TextEquiv>
	<Unicode>n</Unicode></TextEquiv></Glyph>
	<Glyph id="c903">
	<Coords points="2282,2845 2309,2845 2309,2888 2282,2888"/>
	<TextEquiv>
	<Unicode>s</Unicode></TextEquiv></Glyph>
	<TextEquiv>
	<Unicode>representations</Unicode></TextEquiv></Word>
	<Word id="w904">
	<Coords points="2335,2844 2409,2844 2409,2846 2480,2846 2480,2888 2373,2888 2373,2898 2335,2898"/>
	<Glyph id="c905">
	<Coords points="2335,2844 2373,2844 2373,2898 2335,2898"/>
	<TextEquiv>
	<Unicode>p</Unicode></TextEquiv></Glyph>
	<Glyph id="c906">
	<Coords points="2371,2844 2409,2844 2409,2885 2371,2885"/>
	<TextEquiv>
	<Unicode>o</Unicode></TextEquiv></Glyph>
	<Glyph id="c907">
	<Coords points="2410,2846 2446,2846 2446,2888 2410,2888"/>
	<TextEquiv>
	<Unicode>u</Unicode></TextEquiv></Glyph>
	<Glyph id="c908">
	<Coords points="2451,2846 2480,2846 2480,2888 2451,2888"/>
	<TextEquiv>
	<Unicode>r</Unicode></TextEquiv></Glyph>
	<TextEquiv>
	<Unicode>pour</Unicode></TextEquiv></Word>
	<Word id="w909">
	<Coords points="2613,2829 2627,2829 2627,2831 2648,2831 2648,2883 2552,2883 2552,2899 2515,2899 2515,2846 2556,2846 2556,2845 2597,2845 2597,2831 2613,2831"/>
	<Glyph id="c910">
	<Coords points="2515,2846 2552,2846 2552,2899 2515,2899"/>
	<TextEquiv>
	<Unicode>q</Unicode></TextEquiv></Glyph>
	<Glyph id="c911">
	<Coords points="2556,2845 2592,2845 2592,2883 2556,2883"/>
	<TextEquiv>
	<Unicode>u</Unicode></TextEquiv></Glyph>
	<Glyph id="c912">
	<Coords points="2597,2831 2608,2831 2608,2849 2597,2849"/>
	<TextEquiv>
	<Unicode>’</Unicode></TextEquiv></Glyph>
	<Glyph id="c913">
	<Coords points="2613,2829 2627,2829 2627,2882 2613,2882"/>
	<TextEquiv>
	<Unicode>i</Unicode></TextEquiv></Glyph>
	<Glyph id="c914">
	<Coords points="2633,2831 2648,2831 2648,2883 2633,2883"/>
	<TextEquiv>
	<Unicode>l</Unicode></TextEquiv></Glyph>
	<TextEquiv>
	<Unicode>qu’il</Unicode></TextEquiv></Word>
	<Word id="w915">
	<Coords points="2688,2830 2704,2830 2704,2845 2779,2845 2779,2846 2811,2846 2811,2881 2779,2881 2779,2884 2742,2884 2742,2883 2709,2883 2709,2882 2688,2882"/>
	<Glyph id="c916">
	<Coords points="2688,2830 2704,2830 2704,2882 2688,2882"/>
	<TextEquiv>
	<Unicode>l</Unicode></TextEquiv></Glyph>
	<Glyph id="c917">
	<Coords points="2709,2845 2739,2845 2739,2883 2709,2883"/>
	<TextEquiv>
	<Unicode>e</Unicode></TextEquiv></Glyph>
	<Glyph id="c918">
	<Coords points="2742,2845 2779,2845 2779,2884 2742,2884"/>
	<TextEquiv>
	<Unicode>u</Unicode></TextEquiv></Glyph>
	<Glyph id="c919">
	<Coords points="2783,2846 2811,2846 2811,2881 2783,2881"/>
	<TextEquiv>
	<Unicode>r</Unicode></TextEquiv></Glyph>
	<TextEquiv>
	<Unicode>leur</Unicode></TextEquiv></Word>
	<Word id="w920">
	<Coords points="2837,2829 2862,2829 2862,2830 2896,2830 2896,2832 2923,2832 2923,2882 2861,2882 2861,2881 2837,2881"/>
	<Glyph id="c921">
	<Coords points="2837,2829 2862,2829 2862,2881 2837,2881"/>
	<TextEquiv>
	<Unicode>f</Unicode></TextEquiv></Glyph>
	<Glyph id="c922">
	<Coords points="2861,2830 2896,2830 2896,2882 2861,2882"/>
	<TextEquiv>
	<Unicode>u</Unicode></TextEquiv></Glyph>
	<Glyph id="c923">
	<Coords points="2901,2832 2923,2832 2923,2882 2901,2882"/>
	<TextEquiv>
	<Unicode>t</Unicode></TextEquiv></Glyph>
	<TextEquiv>
	<Unicode>fut</Unicode></TextEquiv></Word>
	<TextEquiv>
	<Unicode>libraires ﬁrent des representations pour qu’il leur fut</Unicode></TextEquiv></TextLine>
	<TextLine id="l924">
	<Coords points="1603,2913 1622,2913 1622,2917 1687,2917 1687,2933 1906,2933 1906,2919 1943,2919 1943,2935 2087,2935 2087,2918 2116,2918 2116,2935 2404,2935 2404,2918 2489,2918 2489,2917 2518,2917 2518,2935 2662,2935 2662,2922 2683,2922 2683,2934 2921,2934 2921,2972 2889,2972 2889,2974 2829,2974 2829,2975 2776,2975 2776,2974 2709,2974 2709,2972 2600,2972 2600,2988 2585,2988 2585,2973 2419,2973 2419,2975 2371,2975 2371,2976 2188,2976 2188,2977 2154,2977 2154,2976 2087,2976 2087,2975 1975,2975 1975,2978 1947,2978 1947,2976 1851,2976 1851,2974 1642,2974 1642,2979 1622,2979 1622,2981 1537,2981 1537,2987 1502,2987 1502,2973 1391,2973 1391,2974 1371,2974 1371,2975 1254,2975 1254,2978 1217,2978 1217,2919 1259,2919 1259,2918 1391,2918 1391,2919 1472,2919 1472,2935 1581,2935 1581,2924 1603,2924"/>
	<Word id="w925">
	<Coords points="1259,2918 1391,2918 1391,2922 1419,2922 1419,2972 1391,2972 1391,2974 1371,2974 1371,2975 1254,2975 1254,2978 1217,2978 1217,2919 1259,2919"/>
	<Glyph id="c926">
	<Coords points="1217,2919 1254,2919 1254,2978 1217,2978"/>
	<TextEquiv>
	<Unicode>d</Unicode></TextEquiv></Glyph>
	<Glyph id="c927">
	<Coords points="1259,2918 1288,2918 1288,2973 1259,2973"/>
	<TextEquiv>
	<Unicode>é</Unicode></TextEquiv></Glyph>
	<Glyph id="c928">
	<Coords points="1289,2919 1328,2919 1328,2974 1289,2974"/>
	<TextEquiv>
	<Unicode>d</Unicode></TextEquiv></Glyph>
	<Glyph id="c929">
	<Coords points="1334,2936 1371,2936 1371,2975 1334,2975"/>
	<TextEquiv>
	<Unicode>u</Unicode></TextEquiv></Glyph>
	<Glyph id="c930">
	<Coords points="1375,2918 1391,2918 1391,2974 1375,2974"/>
	<TextEquiv>
	<Unicode>i</Unicode></TextEquiv></Glyph>
	<Glyph id="c931">
	<Coords points="1397,2922 1419,2922 1419,2972 1397,2972"/>
	<TextEquiv>
	<Unicode>t</Unicode></TextEquiv></Glyph>
	<TextEquiv>
	<Unicode>déduit</Unicode></TextEquiv></Word>
	<Word id="w932">
	<Coords points="1440,2919 1472,2919 1472,2973 1440,2973"/>
	<Glyph id="c933">
	<Coords points="1440,2919 1472,2919 1472,2973 1440,2973"/>
	<TextEquiv>
	<Unicode>5</Unicode></TextEquiv></Glyph>
	<TextEquiv>
	<Unicode>5</Unicode></TextEquiv></Word>
	<Word id="w934">
	<Coords points="1502,2935 1537,2935 1537,2958 1557,2958 1557,2970 1537,2970 1537,2987 1502,2987"/>
	<Glyph id="c935">
	<Coords points="1502,2935 1537,2935 1537,2987 1502,2987"/>
	<TextEquiv>
	<Unicode>p</Unicode></TextEquiv></Glyph>
	<Glyph id="c936">
	<Coords points="1545,2958 1557,2958 1557,2970 1545,2970"/>
	<TextEquiv>
	<Unicode>.</Unicode></TextEquiv></Glyph>
	<TextEquiv>
	<Unicode>p.</Unicode></TextEquiv></Word>
	<Word id="w937">
	<Coords points="1603,2913 1622,2913 1622,2958 1642,2958 1642,2979 1622,2979 1622,2981 1603,2981 1603,2945 1581,2945 1581,2924 1603,2924"/>
	<Glyph id="c938">
	<Coords points="1581,2924 1601,2924 1601,2945 1581,2945"/>
	<TextEquiv>
	<Unicode>°</Unicode></TextEquiv></Glyph>
	<Glyph id="c939">
	<Coords points="1603,2913 1622,2913 1622,2981 1603,2981"/>
	<TextEquiv>
	<Unicode>l</Unicode></TextEquiv></Glyph>
	<Glyph id="c940">
	<Coords points="1621,2958 1642,2958 1642,2979 1621,2979"/>
	<TextEquiv>
	<Unicode>.</Unicode></TextEquiv></Glyph>
	<TextEquiv>
	<Unicode>°l.</Unicode></TextEquiv></Word>
	<Word id="w941">
	<Coords points="1674,2917 1687,2917 1687,2933 1699,2933 1699,2974 1681,2974 1681,2971 1667,2971 1667,2932 1674,2932"/>
	<Glyph id="c942">
	<Coords points="1667,2932 1686,2932 1686,2971 1667,2971"/>
	<TextEquiv>
	<Unicode>:</Unicode></TextEquiv></Glyph>
	<Glyph id="c943">
	<Coords points="1674,2917 1687,2917 1687,2965 1674,2965"/>
	<TextEquiv>
	<Unicode>7</Unicode></TextEquiv></Glyph>
	<Glyph id="c944">
	<Coords points="1681,2933 1699,2933 1699,2974 1681,2974"/>
	<TextEquiv>
	<Unicode>1</Unicode></TextEquiv></Glyph>
	<TextEquiv>
	<Unicode>:71</Unicode></TextEquiv></Word>
	<Word id="w945">
	<Coords points="1718,2933 1884,2933 1884,2976 1851,2976 1851,2974 1718,2974"/>
	<Glyph id="c946">
	<Coords points="1718,2933 1751,2933 1751,2974 1718,2974"/>
	<TextEquiv>
	<Unicode>c</Unicode></TextEquiv></Glyph>
	<Glyph id="c947">
	<Coords points="1748,2933 1782,2933 1782,2974 1748,2974"/>
	<TextEquiv>
	<Unicode>a</Unicode></TextEquiv></Glyph>
	<Glyph id="c948">
	<Coords points="1784,2933 1821,2933 1821,2974 1784,2974"/>
	<TextEquiv>
	<Unicode>u</Unicode></TextEquiv></Glyph>
	<Glyph id="c949">
	<Coords points="1825,2933 1853,2933 1853,2972 1825,2972"/>
	<TextEquiv>
	<Unicode>s</Unicode></TextEquiv></Glyph>
	<Glyph id="c950">
	<Coords points="1851,2933 1884,2933 1884,2976 1851,2976"/>
	<TextEquiv>
	<Unicode>e</Unicode></TextEquiv></Glyph>
	<TextEquiv>
	<Unicode>cause</Unicode></TextEquiv></Word>
	<Word id="w951">
	<Coords points="1906,2919 1943,2919 1943,2935 2005,2935 2005,2975 1975,2975 1975,2978 1947,2978 1947,2976 1906,2976"/>
	<Glyph id="c952">
	<Coords points="1906,2919 1943,2919 1943,2976 1906,2976"/>
	<TextEquiv>
	<Unicode>d</Unicode></TextEquiv></Glyph>
	<Glyph id="c953">
	<Coords points="1947,2935 1975,2935 1975,2978 1947,2978"/>
	<TextEquiv>
	<Unicode>e</Unicode></TextEquiv></Glyph>
	<Glyph id="c954">
	<Coords points="1979,2935 2005,2935 2005,2975 1979,2975"/>
	<TextEquiv>
	<Unicode>s</Unicode></TextEquiv></Glyph>
	<TextEquiv>
	<Unicode>des</Unicode></TextEquiv></Word>
	<Word id="w955">
	<Coords points="2087,2918 2116,2918 2116,2935 2283,2935 2283,2973 2254,2973 2254,2976 2188,2976 2188,2977 2154,2977 2154,2976 2087,2976 2087,2974 2023,2974 2023,2935 2087,2935"/>
	<Glyph id="c956">
	<Coords points="2023,2935 2052,2935 2052,2974 2023,2974"/>
	<TextEquiv>
	<Unicode>c</Unicode></TextEquiv></Glyph>
	<Glyph id="c957">
	<Coords points="2057,2936 2085,2936 2085,2972 2057,2972"/>
	<TextEquiv>
	<Unicode>r</Unicode></TextEquiv></Glyph>
	<Glyph id="c958">
	<Coords points="2087,2918 2116,2918 2116,2976 2087,2976"/>
	<TextEquiv>
	<Unicode>é</Unicode></TextEquiv></Glyph>
	<Glyph id="c959">
	<Coords points="2119,2935 2149,2935 2149,2972 2119,2972"/>
	<TextEquiv>
	<Unicode>a</Unicode></TextEquiv></Glyph>
	<Glyph id="c960">
	<Coords points="2154,2936 2188,2936 2188,2977 2154,2977"/>
	<TextEquiv>
	<Unicode>n</Unicode></TextEquiv></Glyph>
	<Glyph id="c961">
	<Coords points="2192,2935 2222,2935 2222,2976 2192,2976"/>
	<TextEquiv>
	<Unicode>c</Unicode></TextEquiv></Glyph>
	<Glyph id="c962">
	<Coords points="2220,2935 2254,2935 2254,2976 2220,2976"/>
	<TextEquiv>
	<Unicode>e</Unicode></TextEquiv></Glyph>
	<Glyph id="c963">
	<Coords points="2257,2935 2283,2935 2283,2973 2257,2973"/>
	<TextEquiv>
	<Unicode>s</Unicode></TextEquiv></Glyph>
	<TextEquiv>
	<Unicode>créances</Unicode></TextEquiv></Word>
	<Word id="w964">
	<Coords points="2489,2917 2518,2917 2518,2935 2580,2935 2580,2959 2600,2959 2600,2988 2585,2988 2585,2973 2419,2973 2419,2975 2371,2975 2371,2976 2342,2976 2342,2975 2308,2975 2308,2935 2404,2935 2404,2918 2489,2918"/>
	<Glyph id="c965">
	<Coords points="2308,2935 2339,2935 2339,2975 2308,2975"/>
	<TextEquiv>
	<Unicode>a</Unicode></TextEquiv></Glyph>
	<Glyph id="c966">
	<Coords points="2342,2935 2371,2935 2371,2976 2342,2976"/>
	<TextEquiv>
	<Unicode>r</Unicode></TextEquiv></Glyph>
	<Glyph id="c967">
	<Coords points="2373,2935 2402,2935 2402,2972 2373,2972"/>
	<TextEquiv>
	<Unicode>r</Unicode></TextEquiv></Glyph>
	<Glyph id="c968">
	<Coords points="2404,2918 2419,2918 2419,2975 2404,2975"/>
	<TextEquiv>
	<Unicode>i</Unicode></TextEquiv></Glyph>
	<Glyph id="c969">
	<Coords points="2424,2918 2454,2918 2454,2973 2424,2973"/>
	<TextEquiv>
	<Unicode>é</Unicode></TextEquiv></Glyph>
	<Glyph id="c970">
	<Coords points="2457,2936 2485,2936 2485,2972 2457,2972"/>
	<TextEquiv>
	<Unicode>r</Unicode></TextEquiv></Glyph>
	<Glyph id="c971">
	<Coords points="2489,2917 2518,2917 2518,2973 2489,2973"/>
	<TextEquiv>
	<Unicode>é</Unicode></TextEquiv></Glyph>
	<Glyph id="c972">
	<Coords points="2522,2935 2551,2935 2551,2972 2522,2972"/>
	<TextEquiv>
	<Unicode>e</Unicode></TextEquiv></Glyph>
	<Glyph id="c973">
	<Coords points="2553,2935 2580,2935 2580,2972 2553,2972"/>
	<TextEquiv>
	<Unicode>s</Unicode></TextEquiv></Glyph>
	<Glyph id="c974">
	<Coords points="2585,2959 2600,2959 2600,2988 2585,2988"/>
	<TextEquiv>
	<Unicode>,</Unicode></TextEquiv></Glyph>
	<TextEquiv>
	<Unicode>arriérées,</Unicode></TextEquiv></Word>
	<Word id="w975">
	<Coords points="2662,2922 2683,2922 2683,2972 2629,2972 2629,2935 2662,2935"/>
	<Glyph id="c976">
	<Coords points="2629,2935 2658,2935 2658,2972 2629,2972"/>
	<TextEquiv>
	<Unicode>e</Unicode></TextEquiv></Glyph>
	<Glyph id="c977">
	<Coords points="2662,2922 2683,2922 2683,2972 2662,2972"/>
	<TextEquiv>
	<Unicode>t</Unicode></TextEquiv></Glyph>
	<TextEquiv>
	<Unicode>et</Unicode></TextEquiv></Word>
	<Word id="w978">
	<Coords points="2709,2934 2921,2934 2921,2972 2889,2972 2889,2974 2829,2974 2829,2975 2776,2975 2776,2974 2709,2974"/>
	<Glyph id="c979">
	<Coords points="2709,2934 2742,2934 2742,2974 2709,2974"/>
	<TextEquiv>
	<Unicode>c</Unicode></TextEquiv></Glyph>
	<Glyph id="c980">
	<Coords points="2739,2934 2772,2934 2772,2974 2739,2974"/>
	<TextEquiv>
	<Unicode>o</Unicode></TextEquiv></Glyph>
	<Glyph id="c981">
	<Coords points="2776,2934 2829,2934 2829,2975 2776,2975"/>
	<TextEquiv>
	<Unicode>m</Unicode></TextEquiv></Glyph>
	<Glyph id="c982">
	<Coords points="2834,2934 2889,2934 2889,2974 2834,2974"/>
	<TextEquiv>
	<Unicode>m</Unicode></TextEquiv></Glyph>
	<Glyph id="c983">
	<Coords points="2891,2934 2921,2934 2921,2972 2891,2972"/>
	<TextEquiv>
	<Unicode>e</Unicode></TextEquiv></Glyph>
	<TextEquiv>
	<Unicode>comme</Unicode></TextEquiv></Word>
	<TextEquiv>
	<Unicode>déduit 5 p. °l. :71 cause des créances arriérées, et comme</Unicode></TextEquiv></TextLine>
	<TextLine id="l984">
	<Coords points="1360,3009 1537,3009 1537,3012 1636,3012 1636,3024 1687,3024 1687,3025 2020,3025 2020,3014 2044,3014 2044,3026 2346,3026 2346,3010 2364,3010 2364,3026 2545,3026 2545,3012 2632,3012 2632,3011 2735,3011 2735,3009 2790,3009 2790,3025 2899,3025 2899,3013 2920,3013 2920,3063 2823,3063 2823,3065 2795,3065 2795,3064 2544,3064 2544,3066 2470,3066 2470,3067 2344,3067 2344,3068 2318,3068 2318,3066 2179,3066 2179,3069 2063,3069 2063,3079 2049,3079 2049,3066 1913,3066 1913,3078 1879,3078 1879,3066 1573,3066 1573,3064 1356,3064 1356,3079 1282,3079 1282,3064 1216,3064 1216,3012 1236,3012 1236,3010 1248,3010 1248,3026 1360,3026"/>
	<Word id="w985">
	<Coords points="1360,3009 1432,3009 1432,3013 1461,3013 1461,3064 1356,3064 1356,3079 1282,3079 1282,3064 1216,3064 1216,3012 1236,3012 1236,3010 1248,3010 1248,3026 1360,3026"/>
	<Glyph id="c986">
	<Coords points="1216,3012 1234,3012 1234,3064 1216,3064"/>
	<TextEquiv>
	<Unicode>l</Unicode></TextEquiv></Glyph>
	<Glyph id="c987">
	<Coords points="1236,3010 1248,3010 1248,3030 1236,3030"/>
	<TextEquiv>
	<Unicode>’</Unicode></TextEquiv></Glyph>
	<Glyph id="c988">
	<Coords points="1249,3026 1280,3026 1280,3064 1249,3064"/>
	<TextEquiv>
	<Unicode>a</Unicode></TextEquiv></Glyph>
	<Glyph id="c989">
	<Coords points="1282,3027 1318,3027 1318,3079 1282,3079"/>
	<TextEquiv>
	<Unicode>p</Unicode></TextEquiv></Glyph>
	<Glyph id="c990">
	<Coords points="1321,3027 1356,3027 1356,3079 1321,3079"/>
	<TextEquiv>
	<Unicode>p</Unicode></TextEquiv></Glyph>
	<Glyph id="c991">
	<Coords points="1360,3009 1390,3009 1390,3064 1360,3064"/>
	<TextEquiv>
	<Unicode>é</Unicode></TextEquiv></Glyph>
	<Glyph id="c992">
	<Coords points="1393,3013 1415,3013 1415,3063 1393,3063"/>
	<TextEquiv>
	<Unicode>t</Unicode></TextEquiv></Glyph>
	<Glyph id="c993">
	<Coords points="1417,3009 1432,3009 1432,3063 1417,3063"/>
	<TextEquiv>
	<Unicode>i</Unicode></TextEquiv></Glyph>
	<Glyph id="c994">
	<Coords points="1439,3013 1461,3013 1461,3064 1439,3064"/>
	<TextEquiv>
	<Unicode>t</Unicode></TextEquiv></Glyph>
	<TextEquiv>
	<Unicode>l’appétit</Unicode></TextEquiv></Word>
	<Word id="w995">
	<Coords points="1522,3009 1537,3009 1537,3012 1636,3012 1636,3063 1610,3063 1610,3066 1573,3066 1573,3064 1522,3064 1522,3062 1481,3062 1481,3024 1522,3024"/>
	<Glyph id="c996">
	<Coords points="1481,3024 1517,3024 1517,3062 1481,3062"/>
	<TextEquiv>
	<Unicode>v</Unicode></TextEquiv></Glyph>
	<Glyph id="c997">
	<Coords points="1522,3009 1537,3009 1537,3064 1522,3064"/>
	<TextEquiv>
	<Unicode>i</Unicode></TextEquiv></Glyph>
	<Glyph id="c998">
	<Coords points="1540,3025 1571,3025 1571,3064 1540,3064"/>
	<TextEquiv>
	<Unicode>e</Unicode></TextEquiv></Glyph>
	<Glyph id="c999">
	<Coords points="1573,3026 1610,3026 1610,3066 1573,3066"/>
	<TextEquiv>
	<Unicode>n</Unicode></TextEquiv></Glyph>
	<Glyph id="c1000">
	<Coords points="1612,3012 1636,3012 1636,3063 1612,3063"/>
	<TextEquiv>
	<Unicode>t</Unicode></TextEquiv></Glyph>
	<TextEquiv>
	<Unicode>vient</Unicode></TextEquiv></Word>
	<Word id="w1001">
	<Coords points="1657,3024 1687,3024 1687,3025 1728,3025 1728,3066 1691,3066 1691,3064 1657,3064"/>
	<Glyph id="c1002">
	<Coords points="1657,3024 1687,3024 1687,3064 1657,3064"/>
	<TextEquiv>
	<Unicode>e</Unicode></TextEquiv></Glyph>
	<Glyph id="c1003">
	<Coords points="1691,3025 1728,3025 1728,3066 1691,3066"/>
	<TextEquiv>
	<Unicode>n</Unicode></TextEquiv></Glyph>
	<TextEquiv>
	<Unicode>en</Unicode></TextEquiv></Word>
	<Word id="w1004">
	<Coords points="2020,3014 2044,3014 2044,3051 2063,3051 2063,3079 2049,3079 2049,3066 1913,3066 1913,3078 1879,3078 1879,3066 1806,3066 1806,3064 1749,3064 1749,3025 2020,3025"/>
	<Glyph id="c1005">
	<Coords points="1749,3025 1804,3025 1804,3064 1749,3064"/>
	<TextEquiv>
	<Unicode>m</Unicode></TextEquiv></Glyph>
	<Glyph id="c1006">
	<Coords points="1806,3025 1837,3025 1837,3066 1806,3066"/>
	<TextEquiv>
	<Unicode>a</Unicode></TextEquiv></Glyph>
	<Glyph id="c1007">
	<Coords points="1842,3026 1875,3026 1875,3065 1842,3065"/>
	<TextEquiv>
	<Unicode>n</Unicode></TextEquiv></Glyph>
	<Glyph id="c1008">
	<Coords points="1879,3027 1913,3027 1913,3078 1879,3078"/>
	<TextEquiv>
	<Unicode>g</Unicode></TextEquiv></Glyph>
	<Glyph id="c1009">
	<Coords points="1915,3025 1945,3025 1945,3064 1915,3064"/>
	<TextEquiv>
	<Unicode>e</Unicode></TextEquiv></Glyph>
	<Glyph id="c1010">
	<Coords points="1948,3027 1979,3027 1979,3065 1948,3065"/>
	<TextEquiv>
	<Unicode>a</Unicode></TextEquiv></Glyph>
	<Glyph id="c1011">
	<Coords points="1982,3026 2018,3026 2018,3066 1982,3066"/>
	<TextEquiv>
	<Unicode>n</Unicode></TextEquiv></Glyph>
	<Glyph id="c1012">
	<Coords points="2020,3014 2044,3014 2044,3063 2020,3063"/>
	<TextEquiv>
	<Unicode>t</Unicode></TextEquiv></Glyph>
	<Glyph id="c1013">
	<Coords points="2049,3051 2063,3051 2063,3079 2049,3079"/>
	<TextEquiv>
	<Unicode>,</Unicode></TextEquiv></Glyph>
	<TextEquiv>
	<Unicode>mangeant,</Unicode></TextEquiv></Word>
	<Word id="w1014">
	<Coords points="2089,3026 2179,3026 2179,3069 2118,3069 2118,3065 2089,3065"/>
	<Glyph id="c1015">
	<Coords points="2089,3026 2122,3026 2122,3065 2089,3065"/>
	<TextEquiv>
	<Unicode>o</Unicode></TextEquiv></Glyph>
	<Glyph id="c1016">
	<Coords points="2118,3026 2153,3026 2153,3069 2118,3069"/>
	<TextEquiv>
	<Unicode>e</Unicode></TextEquiv></Glyph>
	<Glyph id="c1017">
	<Coords points="2147,3026 2179,3026 2179,3069 2147,3069"/>
	<TextEquiv>
	<Unicode>s</Unicode></TextEquiv></Glyph>
	<TextEquiv>
	<Unicode>oes</Unicode></TextEquiv></Word>
	<Word id="w1018">
	<Coords points="2346,3010 2364,3010 2364,3026 2498,3026 2498,3063 2470,3063 2470,3067 2344,3067 2344,3068 2318,3068 2318,3066 2200,3066 2200,3026 2346,3026"/>
	<Glyph id="c1019">
	<Coords points="2200,3026 2254,3026 2254,3066 2200,3066"/>
	<TextEquiv>
	<Unicode>m</Unicode></TextEquiv></Glyph>
	<Glyph id="c1020">
	<Coords points="2259,3026 2290,3026 2290,3065 2259,3065"/>
	<TextEquiv>
	<Unicode>e</Unicode></TextEquiv></Glyph>
	<Glyph id="c1021">
	<Coords points="2287,3026 2315,3026 2315,3065 2287,3065"/>
	<TextEquiv>
	<Unicode>s</Unicode></TextEquiv></Glyph>
	<Glyph id="c1022">
	<Coords points="2318,3026 2344,3026 2344,3068 2318,3068"/>
	<TextEquiv>
	<Unicode>s</Unicode></TextEquiv></Glyph>
	<Glyph id="c1023">
	<Coords points="2346,3010 2364,3010 2364,3063 2346,3063"/>
	<TextEquiv>
	<Unicode>i</Unicode></TextEquiv></Glyph>
	<Glyph id="c1024">
	<Coords points="2367,3026 2397,3026 2397,3064 2367,3064"/>
	<TextEquiv>
	<Unicode>e</Unicode></TextEquiv></Glyph>
	<Glyph id="c1025">
	<Coords points="2400,3027 2437,3027 2437,3066 2400,3066"/>
	<TextEquiv>
	<Unicode>u</Unicode></TextEquiv></Glyph>
	<Glyph id="c1026">
	<Coords points="2442,3027 2470,3027 2470,3067 2442,3067"/>
	<TextEquiv>
	<Unicode>r</Unicode></TextEquiv></Glyph>
	<Glyph id="c1027">
	<Coords points="2472,3026 2498,3026 2498,3063 2472,3063"/>
	<TextEquiv>
	<Unicode>s</Unicode></TextEquiv></Glyph>
	<TextEquiv>
	<Unicode>messieurs</Unicode></TextEquiv></Word>
	<Word id="w1028">
	<Coords points="2735,3009 2790,3009 2790,3025 2899,3025 2899,3013 2920,3013 2920,3063 2823,3063 2823,3065 2795,3065 2795,3064 2544,3064 2544,3066 2517,3066 2517,3026 2545,3026 2545,3012 2632,3012 2632,3011 2735,3011"/>
	<Glyph id="c1029">
	<Coords points="2517,3026 2544,3026 2544,3066 2517,3066"/>
	<TextEquiv>
	<Unicode>s</Unicode></TextEquiv></Glyph>
	<Glyph id="c1030">
	<Coords points="2545,3012 2556,3012 2556,3030 2545,3030"/>
	<TextEquiv>
	<Unicode>’</Unicode></TextEquiv></Glyph>
	<Glyph id="c1031">
	<Coords points="2560,3026 2590,3026 2590,3063 2560,3063"/>
	<TextEquiv>
	<Unicode>e</Unicode></TextEquiv></Glyph>
	<Glyph id="c1032">
	<Coords points="2592,3027 2628,3027 2628,3064 2592,3064"/>
	<TextEquiv>
	<Unicode>n</Unicode></TextEquiv></Glyph>
	<Glyph id="c1033">
	<Coords points="2632,3011 2670,3011 2670,3063 2632,3063"/>
	<TextEquiv>
	<Unicode>h</Unicode></TextEquiv></Glyph>
	<Glyph id="c1034">
	<Coords points="2670,3026 2702,3026 2702,3064 2670,3064"/>
	<TextEquiv>
	<Unicode>a</Unicode></TextEquiv></Glyph>
	<Glyph id="c1035">
	<Coords points="2707,3026 2733,3026 2733,3062 2707,3062"/>
	<TextEquiv>
	<Unicode>r</Unicode></TextEquiv></Glyph>
	<Glyph id="c1036">
	<Coords points="2735,3009 2770,3009 2770,3063 2735,3063"/>
	<TextEquiv>
	<Unicode>d</Unicode></TextEquiv></Glyph>
	<Glyph id="c1037">
	<Coords points="2775,3009 2790,3009 2790,3063 2775,3063"/>
	<TextEquiv>
	<Unicode>i</Unicode></TextEquiv></Glyph>
	<Glyph id="c1038">
	<Coords points="2795,3026 2823,3026 2823,3065 2795,3065"/>
	<TextEquiv>
	<Unicode>r</Unicode></TextEquiv></Glyph>
	<Glyph id="c1039">
	<Coords points="2825,3025 2855,3025 2855,3063 2825,3063"/>
	<TextEquiv>
	<Unicode>e</Unicode></TextEquiv></Glyph>
	<Glyph id="c1040">
	<Coords points="2858,3026 2895,3026 2895,3062 2858,3062"/>
	<TextEquiv>
	<Unicode>n</Unicode></TextEquiv></Glyph>
	<Glyph id="c1041">
	<Coords points="2899,3013 2920,3013 2920,3063 2899,3063"/>
	<TextEquiv>
	<Unicode>t</Unicode></TextEquiv></Glyph>
	<TextEquiv>
	<Unicode>s’enhardirent</Unicode></TextEquiv></Word>
	<TextEquiv>
	<Unicode>l’appétit vient en mangeant, oes messieurs s’enhardirent</Unicode></TextEquiv></TextLine>
	<TextLine id="l1042">
	<Coords points="1644,3100 1660,3100 1660,3102 1735,3102 1735,3116 1869,3116 1869,3100 1899,3100 1899,3101 2044,3101 2044,3117 2233,3117 2233,3101 2249,3101 2249,3102 2365,3102 2365,3100 2402,3100 2402,3117 2590,3117 2590,3101 2627,3101 2627,3117 2761,3117 2761,3116 2824,3116 2824,3100 2862,3100 2862,3116 2922,3116 2922,3154 2862,3154 2862,3155 2790,3155 2790,3159 2805,3159 2805,3163 2726,3163 2726,3168 2692,3168 2692,3156 2589,3156 2589,3161 2557,3161 2557,3156 2490,3156 2490,3154 2343,3154 2343,3157 2309,3157 2309,3158 2290,3158 2290,3159 2231,3159 2231,3160 2204,3160 2204,3161 2144,3161 2144,3170 2105,3170 2105,3156 2002,3156 2002,3159 1980,3159 1980,3158 1923,3158 1923,3156 1807,3156 1807,3157 1716,3157 1716,3156 1583,3156 1583,3170 1545,3170 1545,3155 1339,3155 1339,3157 1307,3157 1307,3154 1216,3154 1216,3101 1306,3101 1306,3102 1390,3102 1390,3117 1629,3117 1629,3102 1644,3102"/>
	<Word id="w1043">
	<Coords points="1216,3101 1233,3101 1233,3117 1247,3117 1247,3154 1216,3154"/>
	<Glyph id="c1044">
	<Coords points="1216,3101 1233,3101 1233,3154 1216,3154"/>
	<TextEquiv>
	<Unicode>i</Unicode></TextEquiv></Glyph>
	<Glyph id="c1045">
	<Coords points="1227,3117 1247,3117 1247,3154 1227,3154"/>
	<TextEquiv>
	<Unicode>n</Unicode></TextEquiv></Glyph>
	<TextEquiv>
	<Unicode>in</Unicode></TextEquiv></Word>
	<Word id="w1046">
	<Coords points="1266,3101 1306,3101 1306,3102 1390,3102 1390,3117 1521,3117 1521,3153 1489,3153 1489,3155 1339,3155 1339,3157 1307,3157 1307,3154 1266,3154"/>
	<Glyph id="c1047">
	<Coords points="1266,3101 1306,3101 1306,3154 1266,3154"/>
	<TextEquiv>
	<Unicode>d</Unicode></TextEquiv></Glyph>
	<Glyph id="c1048">
	<Coords points="1307,3102 1339,3102 1339,3157 1307,3157"/>
	<TextEquiv>
	<Unicode>é</Unicode></TextEquiv></Glyph>
	<Glyph id="c1049">
	<Coords points="1342,3117 1372,3117 1372,3154 1342,3154"/>
	<TextEquiv>
	<Unicode>c</Unicode></TextEquiv></Glyph>
	<Glyph id="c1050">
	<Coords points="1374,3102 1390,3102 1390,3154 1374,3154"/>
	<TextEquiv>
	<Unicode>l</Unicode></TextEquiv></Glyph>
	<Glyph id="c1051">
	<Coords points="1393,3117 1424,3117 1424,3155 1393,3155"/>
	<TextEquiv>
	<Unicode>a</Unicode></TextEquiv></Glyph>
	<Glyph id="c1052">
	<Coords points="1428,3117 1456,3117 1456,3154 1428,3154"/>
	<TextEquiv>
	<Unicode>r</Unicode></TextEquiv></Glyph>
	<Glyph id="c1053">
	<Coords points="1458,3117 1489,3117 1489,3155 1458,3155"/>
	<TextEquiv>
	<Unicode>e</Unicode></TextEquiv></Glyph>
	<Glyph id="c1054">
	<Coords points="1492,3117 1521,3117 1521,3153 1492,3153"/>
	<TextEquiv>
	<Unicode>r</Unicode></TextEquiv></Glyph>
	<TextEquiv>
	<Unicode>déclarer</Unicode></TextEquiv></Word>
	<Word id="w1055">
	<Coords points="1644,3100 1660,3100 1660,3102 1681,3102 1681,3153 1624,3153 1624,3156 1583,3156 1583,3170 1545,3170 1545,3117 1629,3117 1629,3102 1644,3102"/>
	<Glyph id="c1056">
	<Coords points="1545,3117 1583,3117 1583,3170 1545,3170"/>
	<TextEquiv>
	<Unicode>q</Unicode></TextEquiv></Glyph>
	<Glyph id="c1057">
	<Coords points="1587,3117 1624,3117 1624,3156 1587,3156"/>
	<TextEquiv>
	<Unicode>u</Unicode></TextEquiv></Glyph>
	<Glyph id="c1058">
	<Coords points="1629,3102 1640,3102 1640,3120 1629,3120"/>
	<TextEquiv>
	<Unicode>’</Unicode></TextEquiv></Glyph>
	<Glyph id="c1059">
	<Coords points="1644,3100 1660,3100 1660,3153 1644,3153"/>
	<TextEquiv>
	<Unicode>i</Unicode></TextEquiv></Glyph>
	<Glyph id="c1060">
	<Coords points="1664,3102 1681,3102 1681,3153 1664,3153"/>
	<TextEquiv>
	<Unicode>l</Unicode></TextEquiv></Glyph>
	<TextEquiv>
	<Unicode>qu’il</Unicode></TextEquiv></Word>
	<Word id="w1061">
	<Coords points="1716,3102 1735,3102 1735,3116 1768,3116 1768,3117 1842,3117 1842,3156 1807,3156 1807,3157 1716,3157"/>
	<Glyph id="c1062">
	<Coords points="1716,3102 1735,3102 1735,3157 1716,3157"/>
	<TextEquiv>
	<Unicode>l</Unicode></TextEquiv></Glyph>
	<Glyph id="c1063">
	<Coords points="1736,3116 1768,3116 1768,3156 1736,3156"/>
	<TextEquiv>
	<Unicode>e</Unicode></TextEquiv></Glyph>
	<Glyph id="c1064">
	<Coords points="1772,3117 1807,3117 1807,3157 1772,3157"/>
	<TextEquiv>
	<Unicode>u</Unicode></TextEquiv></Glyph>
	<Glyph id="c1065">
	<Coords points="1813,3117 1842,3117 1842,3156 1813,3156"/>
	<TextEquiv>
	<Unicode>r</Unicode></TextEquiv></Glyph>
	<TextEquiv>
	<Unicode>leur</Unicode></TextEquiv></Word>
	<Word id="w1066">
	<Coords points="1869,3100 1899,3100 1899,3101 1974,3101 1974,3106 2002,3106 2002,3159 1980,3159 1980,3158 1923,3158 1923,3155 1903,3155 1903,3153 1869,3153"/>
	<Glyph id="c1067">
	<Coords points="1869,3100 1899,3100 1899,3153 1869,3153"/>
	<TextEquiv>
	<Unicode>é</Unicode></TextEquiv></Glyph>
	<Glyph id="c1068">
	<Coords points="1903,3104 1925,3104 1925,3155 1903,3155"/>
	<TextEquiv>
	<Unicode>t</Unicode></TextEquiv></Glyph>
	<Glyph id="c1069">
	<Coords points="1923,3117 1955,3117 1955,3158 1923,3158"/>
	<TextEquiv>
	<Unicode>a</Unicode></TextEquiv></Glyph>
	<Glyph id="c1070">
	<Coords points="1960,3101 1974,3101 1974,3157 1960,3157"/>
	<TextEquiv>
	<Unicode>i</Unicode></TextEquiv></Glyph>
	<Glyph id="c1071">
	<Coords points="1980,3106 2002,3106 2002,3159 1980,3159"/>
	<TextEquiv>
	<Unicode>t</Unicode></TextEquiv></Glyph>
	<TextEquiv>
	<Unicode>était</Unicode></TextEquiv></Word>
	<Word id="w1072">
	<Coords points="2029,3101 2044,3101 2044,3117 2233,3117 2233,3101 2249,3101 2249,3102 2309,3102 2309,3117 2343,3117 2343,3157 2309,3157 2309,3158 2290,3158 2290,3159 2231,3159 2231,3160 2204,3160 2204,3161 2144,3161 2144,3170 2105,3170 2105,3156 2050,3156 2050,3154 2029,3154"/>
	<Glyph id="c1073">
	<Coords points="2029,3101 2044,3101 2044,3154 2029,3154"/>
	<TextEquiv>
	<Unicode>i</Unicode></TextEquiv></Glyph>
	<Glyph id="c1074">
	<Coords points="2050,3117 2104,3117 2104,3156 2050,3156"/>
	<TextEquiv>
	<Unicode>m</Unicode></TextEquiv></Glyph>
	<Glyph id="c1075">
	<Coords points="2105,3117 2144,3117 2144,3170 2105,3170"/>
	<TextEquiv>
	<Unicode>p</Unicode></TextEquiv></Glyph>
	<Glyph id="c1076">
	<Coords points="2141,3117 2176,3117 2176,3157 2141,3157"/>
	<TextEquiv>
	<Unicode>o</Unicode></TextEquiv></Glyph>
	<Glyph id="c1077">
	<Coords points="2174,3117 2204,3117 2204,3161 2174,3161"/>
	<TextEquiv>
	<Unicode>s</Unicode></TextEquiv></Glyph>
	<Glyph id="c1078">
	<Coords points="2206,3117 2231,3117 2231,3160 2206,3160"/>
	<TextEquiv>
	<Unicode>s</Unicode></TextEquiv></Glyph>
	<Glyph id="c1079">
	<Coords points="2233,3101 2249,3101 2249,3155 2233,3155"/>
	<TextEquiv>
	<Unicode>i</Unicode></TextEquiv></Glyph>
	<Glyph id="c1080">
	<Coords points="2254,3102 2290,3102 2290,3159 2254,3159"/>
	<TextEquiv>
	<Unicode>b</Unicode></TextEquiv></Glyph>
	<Glyph id="c1081">
	<Coords points="2293,3102 2309,3102 2309,3158 2293,3158"/>
	<TextEquiv>
	<Unicode>l</Unicode></TextEquiv></Glyph>
	<Glyph id="c1082">
	<Coords points="2312,3117 2343,3117 2343,3157 2312,3157"/>
	<TextEquiv>
	<Unicode>e</Unicode></TextEquiv></Glyph>
	<TextEquiv>
	<Unicode>impossible</Unicode></TextEquiv></Word>
	<Word id="w1083">
	<Coords points="2365,3100 2402,3100 2402,3117 2435,3117 2435,3154 2365,3154"/>
	<Glyph id="c1084">
	<Coords points="2365,3100 2402,3100 2402,3154 2365,3154"/>
	<TextEquiv>
	<Unicode>d</Unicode></TextEquiv></Glyph>
	<Glyph id="c1085">
	<Coords points="2404,3117 2435,3117 2435,3154 2404,3154"/>
	<TextEquiv>
	<Unicode>e</Unicode></TextEquiv></Glyph>
	<TextEquiv>
	<Unicode>de</Unicode></TextEquiv></Word>
	<Word id="w1086">
	<Coords points="2462,3117 2521,3117 2521,3156 2490,3156 2490,3154 2462,3154"/>
	<Glyph id="c1087">
	<Coords points="2462,3117 2488,3117 2488,3154 2462,3154"/>
	<TextEquiv>
	<Unicode>s</Unicode></TextEquiv></Glyph>
	<Glyph id="c1088">
	<Coords points="2490,3117 2521,3117 2521,3156 2490,3156"/>
	<TextEquiv>
	<Unicode>e</Unicode></TextEquiv></Glyph>
	<TextEquiv>
	<Unicode>se</Unicode></TextEquiv></Word>
	<Word id="w1089">
	<Coords points="2590,3101 2627,3101 2627,3117 2761,3117 2761,3116 2790,3116 2790,3153 2726,3153 2726,3159 2805,3159 2805,3163 2726,3163 2726,3168 2692,3168 2692,3156 2589,3156 2589,3161 2557,3161 2557,3117 2590,3117"/>
	<Glyph id="c1090">
	<Coords points="2557,3117 2589,3117 2589,3161 2557,3161"/>
	<TextEquiv>
	<Unicode>c</Unicode></TextEquiv></Glyph>
	<Glyph id="c1091">
	<Coords points="2590,3101 2627,3101 2627,3156 2590,3156"/>
	<TextEquiv>
	<Unicode>h</Unicode></TextEquiv></Glyph>
	<Glyph id="c1092">
	<Coords points="2628,3117 2662,3117 2662,3155 2628,3155"/>
	<TextEquiv>
	<Unicode>a</Unicode></TextEquiv></Glyph>
	<Glyph id="c1093">
	<Coords points="2660,3117 2691,3117 2691,3155 2660,3155"/>
	<TextEquiv>
	<Unicode>r</Unicode></TextEquiv></Glyph>
	<Glyph id="c1094">
	<Coords points="2692,3117 2726,3117 2726,3168 2692,3168"/>
	<TextEquiv>
	<Unicode>g</Unicode></TextEquiv></Glyph>
	<Glyph id="c1095">
	<Coords points="2729,3117 2758,3117 2758,3153 2729,3153"/>
	<TextEquiv>
	<Unicode>e</Unicode></TextEquiv></Glyph>
	<Glyph id="c1096">
	<Coords points="2761,3116 2790,3116 2790,3153 2761,3153"/>
	<TextEquiv>
	<Unicode>r</Unicode></TextEquiv></Glyph>
	<Glyph id="c1097">
	<Coords points="2801,3159 2805,3159 2805,3163 2801,3163"/>
	<TextEquiv>
	<Unicode>,</Unicode></TextEquiv></Glyph>
	<TextEquiv>
	<Unicode>charger,</Unicode></TextEquiv></Word>
	<Word id="w1098">
	<Coords points="2824,3100 2862,3100 2862,3116 2922,3116 2922,3154 2862,3154 2862,3155 2824,3155"/>
	<Glyph id="c1099">
	<Coords points="2824,3100 2862,3100 2862,3155 2824,3155"/>
	<TextEquiv>
	<Unicode>d</Unicode></TextEquiv></Glyph>
	<Glyph id="c1100">
	<Coords points="2864,3117 2894,3117 2894,3153 2864,3153"/>
	<TextEquiv>
	<Unicode>e</Unicode></TextEquiv></Glyph>
	<Glyph id="c1101">
	<Coords points="2896,3116 2922,3116 2922,3154 2896,3154"/>
	<TextEquiv>
	<Unicode>s</Unicode></TextEquiv></Glyph>
	<TextEquiv>
	<Unicode>des</Unicode></TextEquiv></Word>
	<TextEquiv>
	<Unicode>in déclarer qu’il leur était impossible de se charger, des</Unicode></TextEquiv></TextLine>
	<TextLine id="l1102">
	<Coords points="2299,3187 2334,3187 2334,3207 2463,3207 2463,3191 2500,3191 2500,3192 2579,3192 2579,3206 2776,3206 2776,3194 2824,3194 2824,3190 2860,3190 2860,3206 2921,3206 2921,3243 2860,3243 2860,3244 2824,3244 2824,3243 2685,3243 2685,3245 2652,3245 2652,3260 2616,3260 2616,3248 2500,3248 2500,3250 2463,3250 2463,3247 2334,3247 2334,3248 2245,3248 2245,3249 2189,3249 2189,3253 2170,3253 2170,3257 2077,3257 2077,3260 2042,3260 2042,3248 1842,3248 1842,3246 1752,3246 1752,3245 1248,3245 1248,3261 1213,3261 1213,3208 1250,3208 1250,3193 1266,3193 1266,3208 1368,3208 1368,3207 1501,3207 1501,3194 1575,3194 1575,3190 1595,3190 1595,3206 1606,3206 1606,3207 1730,3207 1730,3190 1746,3190 1746,3191 1879,3191 1879,3192 2010,3192 2010,3208 2128,3208 2128,3197 2148,3197 2148,3188 2170,3188 2170,3191 2299,3191"/>
	<Word id="w1103">
	<Coords points="1250,3193 1266,3193 1266,3208 1368,3208 1368,3207 1501,3207 1501,3194 1521,3194 1521,3207 1550,3207 1550,3245 1248,3245 1248,3261 1213,3261 1213,3208 1250,3208"/>
	<Glyph id="c1104">
	<Coords points="1213,3208 1248,3208 1248,3261 1213,3261"/>
	<TextEquiv>
	<Unicode>p</Unicode></TextEquiv></Glyph>
	<Glyph id="c1105">
	<Coords points="1250,3193 1266,3193 1266,3245 1250,3245"/>
	<TextEquiv>
	<Unicode>l</Unicode></TextEquiv></Glyph>
	<Glyph id="c1106">
	<Coords points="1269,3208 1299,3208 1299,3245 1269,3245"/>
	<TextEquiv>
	<Unicode>a</Unicode></TextEquiv></Glyph>
	<Glyph id="c1107">
	<Coords points="1302,3208 1333,3208 1333,3245 1302,3245"/>
	<TextEquiv>
	<Unicode>c</Unicode></TextEquiv></Glyph>
	<Glyph id="c1108">
	<Coords points="1334,3208 1364,3208 1364,3245 1334,3245"/>
	<TextEquiv>
	<Unicode>e</Unicode></TextEquiv></Glyph>
	<Glyph id="c1109">
	<Coords points="1368,3207 1424,3207 1424,3245 1368,3245"/>
	<TextEquiv>
	<Unicode>m</Unicode></TextEquiv></Glyph>
	<Glyph id="c1110">
	<Coords points="1428,3207 1458,3207 1458,3244 1428,3244"/>
	<TextEquiv>
	<Unicode>e</Unicode></TextEquiv></Glyph>
	<Glyph id="c1111">
	<Coords points="1461,3207 1497,3207 1497,3244 1461,3244"/>
	<TextEquiv>
	<Unicode>n</Unicode></TextEquiv></Glyph>
	<Glyph id="c1112">
	<Coords points="1501,3194 1521,3194 1521,3244 1501,3244"/>
	<TextEquiv>
	<Unicode>t</Unicode></TextEquiv></Glyph>
	<Glyph id="c1113">
	<Coords points="1524,3207 1550,3207 1550,3245 1524,3245"/>
	<TextEquiv>
	<Unicode>s</Unicode></TextEquiv></Glyph>
	<TextEquiv>
	<Unicode>placements</Unicode></TextEquiv></Word>
	<Word id="w1114">
	<Coords points="1575,3190 1595,3190 1595,3206 1606,3206 1606,3244 1575,3244"/>
	<Glyph id="c1115">
	<Coords points="1575,3190 1595,3190 1595,3244 1575,3244"/>
	<TextEquiv>
	<Unicode>i</Unicode></TextEquiv></Glyph>
	<Glyph id="c1116">
	<Coords points="1589,3206 1606,3206 1606,3244 1589,3244"/>
	<TextEquiv>
	<Unicode>t</Unicode></TextEquiv></Glyph>
	<TextEquiv>
	<Unicode>it</Unicode></TextEquiv></Word>
	<Word id="w1117">
	<Coords points="1730,3190 1746,3190 1746,3207 1815,3207 1815,3243 1786,3243 1786,3246 1752,3246 1752,3245 1637,3245 1637,3207 1730,3207"/>
	<Glyph id="c1118">
	<Coords points="1637,3207 1696,3207 1696,3245 1637,3245"/>
	<TextEquiv>
	<Unicode>m</Unicode></TextEquiv></Glyph>
	<Glyph id="c1119">
	<Coords points="1691,3207 1727,3207 1727,3245 1691,3245"/>
	<TextEquiv>
	<Unicode>o</Unicode></TextEquiv></Glyph>
	<Glyph id="c1120">
	<Coords points="1730,3190 1746,3190 1746,3244 1730,3244"/>
	<TextEquiv>
	<Unicode>i</Unicode></TextEquiv></Glyph>
	<Glyph id="c1121">
	<Coords points="1752,3207 1786,3207 1786,3246 1752,3246"/>
	<TextEquiv>
	<Unicode>n</Unicode></TextEquiv></Glyph>
	<Glyph id="c1122">
	<Coords points="1791,3207 1815,3207 1815,3243 1791,3243"/>
	<TextEquiv>
	<Unicode>s</Unicode></TextEquiv></Glyph>
	<TextEquiv>
	<Unicode>moins</Unicode></TextEquiv></Word>
	<Word id="w1123">
	<Coords points="1842,3191 1879,3191 1879,3207 1912,3207 1912,3246 1879,3246 1879,3248 1842,3248"/>
	<Glyph id="c1124">
	<Coords points="1842,3191 1879,3191 1879,3248 1842,3248"/>
	<TextEquiv>
	<Unicode>d</Unicode></TextEquiv></Glyph>
	<Glyph id="c1125">
	<Coords points="1883,3207 1912,3207 1912,3246 1883,3246"/>
	<TextEquiv>
	<Unicode>e</Unicode></TextEquiv></Glyph>
	<TextEquiv>
	<Unicode>de</Unicode></TextEquiv></Word>
	<Word id="w1126">
	<Coords points="1939,3192 2010,3192 2010,3248 1939,3248"/>
	<Glyph id="c1127">
	<Coords points="1939,3192 1974,3192 1974,3248 1939,3248"/>
	<TextEquiv>
	<Unicode>2</Unicode></TextEquiv></Glyph>
	<Glyph id="c1128">
	<Coords points="1979,3192 2010,3192 2010,3248 1979,3248"/>
	<TextEquiv>
	<Unicode>5</Unicode></TextEquiv></Glyph>
	<TextEquiv>
	<Unicode>25</Unicode></TextEquiv></Word>
	<Word id="w1129">
	<Coords points="2042,3208 2077,3208 2077,3232 2098,3232 2098,3244 2077,3244 2077,3260 2042,3260"/>
	<Glyph id="c1130">
	<Coords points="2042,3208 2077,3208 2077,3260 2042,3260"/>
	<TextEquiv>
	<Unicode>p</Unicode></TextEquiv></Glyph>
	<Glyph id="c1131">
	<Coords points="2085,3232 2098,3232 2098,3244 2085,3244"/>
	<TextEquiv>
	<Unicode>.</Unicode></TextEquiv></Glyph>
	<TextEquiv>
	<Unicode>p.</Unicode></TextEquiv></Word>
	<Word id="w1132">
	<Coords points="2148,3188 2170,3188 2170,3233 2189,3233 2189,3253 2170,3253 2170,3257 2148,3257 2148,3218 2128,3218 2128,3197 2148,3197"/>
	<Glyph id="c1133">
	<Coords points="2128,3197 2149,3197 2149,3218 2128,3218"/>
	<TextEquiv>
	<Unicode>°</Unicode></TextEquiv></Glyph>
	<Glyph id="c1134">
	<Coords points="2148,3188 2170,3188 2170,3257 2148,3257"/>
	<TextEquiv>
	<Unicode>/</Unicode></TextEquiv></Glyph>
	<Glyph id="c1135">
	<Coords points="2166,3233 2179,3233 2179,3253 2166,3253"/>
	<TextEquiv>
	<Unicode>.</Unicode></TextEquiv></Glyph>
	<Glyph id="c1136">
	<Coords points="2176,3233 2189,3233 2189,3253 2176,3253"/>
	<TextEquiv>
	<Unicode>,</Unicode></TextEquiv></Glyph>
	<TextEquiv>
	<Unicode>°/.,</Unicode></TextEquiv></Word>
	<Word id="w1137">
	<Coords points="2213,3191 2232,3191 2232,3206 2245,3206 2245,3249 2213,3249"/>
	<Glyph id="c1138">
	<Coords points="2213,3191 2232,3191 2232,3249 2213,3249"/>
	<TextEquiv>
	<Unicode>3</Unicode></TextEquiv></Glyph>
	<Glyph id="c1139">
	<Coords points="2222,3206 2245,3206 2245,3249 2222,3249"/>
	<TextEquiv>
	<Unicode>1</Unicode></TextEquiv></Glyph>
	<TextEquiv>
	<Unicode>31</Unicode></TextEquiv></Word>
	<Word id="w1140">
	<Coords points="2299,3187 2334,3187 2334,3207 2436,3207 2436,3244 2404,3244 2404,3245 2373,3245 2373,3247 2334,3247 2334,3248 2271,3248 2271,3206 2299,3206"/>
	<Glyph id="c1141">
	<Coords points="2271,3206 2303,3206 2303,3248 2271,3248"/>
	<TextEquiv>
	<Unicode>c</Unicode></TextEquiv></Glyph>
	<Glyph id="c1142">
	<Coords points="2299,3187 2334,3187 2334,3248 2299,3248"/>
	<TextEquiv>
	<Unicode>a</Unicode></TextEquiv></Glyph>
	<Glyph id="c1143">
	<Coords points="2336,3207 2373,3207 2373,3247 2336,3247"/>
	<TextEquiv>
	<Unicode>u</Unicode></TextEquiv></Glyph>
	<Glyph id="c1144">
	<Coords points="2378,3207 2404,3207 2404,3245 2378,3245"/>
	<TextEquiv>
	<Unicode>s</Unicode></TextEquiv></Glyph>
	<Glyph id="c1145">
	<Coords points="2405,3207 2436,3207 2436,3244 2405,3244"/>
	<TextEquiv>
	<Unicode>e</Unicode></TextEquiv></Glyph>
	<TextEquiv>
	<Unicode>cause</Unicode></TextEquiv></Word>
	<Word id="w1146">
	<Coords points="2463,3191 2500,3191 2500,3207 2543,3207 2543,3248 2500,3248 2500,3250 2463,3250"/>
	<Glyph id="c1147">
	<Coords points="2463,3191 2500,3191 2500,3250 2463,3250"/>
	<TextEquiv>
	<Unicode>d</Unicode></TextEquiv></Glyph>
	<Glyph id="c1148">
	<Coords points="2507,3207 2543,3207 2543,3248 2507,3248"/>
	<TextEquiv>
	<Unicode>u</Unicode></TextEquiv></Glyph>
	<TextEquiv>
	<Unicode>du</Unicode></TextEquiv></Word>
	<Word id="w1149">
	<Coords points="2563,3192 2579,3192 2579,3206 2715,3206 2715,3243 2685,3243 2685,3245 2652,3245 2652,3260 2616,3260 2616,3247 2582,3247 2582,3243 2563,3243"/>
	<Glyph id="c1150">
	<Coords points="2563,3192 2579,3192 2579,3243 2563,3243"/>
	<TextEquiv>
	<Unicode>l</Unicode></TextEquiv></Glyph>
	<Glyph id="c1151">
	<Coords points="2582,3206 2614,3206 2614,3247 2582,3247"/>
	<TextEquiv>
	<Unicode>o</Unicode></TextEquiv></Glyph>
	<Glyph id="c1152">
	<Coords points="2616,3207 2652,3207 2652,3260 2616,3260"/>
	<TextEquiv>
	<Unicode>y</Unicode></TextEquiv></Glyph>
	<Glyph id="c1153">
	<Coords points="2655,3206 2685,3206 2685,3245 2655,3245"/>
	<TextEquiv>
	<Unicode>e</Unicode></TextEquiv></Glyph>
	<Glyph id="c1154">
	<Coords points="2688,3206 2715,3206 2715,3243 2688,3243"/>
	<TextEquiv>
	<Unicode>r</Unicode></TextEquiv></Glyph>
	<TextEquiv>
	<Unicode>loyer</Unicode></TextEquiv></Word>
	<Word id="w1155">
	<Coords points="2776,3194 2798,3194 2798,3243 2743,3243 2743,3206 2776,3206"/>
	<Glyph id="c1156">
	<Coords points="2743,3206 2772,3206 2772,3243 2743,3243"/>
	<TextEquiv>
	<Unicode>e</Unicode></TextEquiv></Glyph>
	<Glyph id="c1157">
	<Coords points="2776,3194 2798,3194 2798,3243 2776,3243"/>
	<TextEquiv>
	<Unicode>t</Unicode></TextEquiv></Glyph>
	<TextEquiv>
	<Unicode>et</Unicode></TextEquiv></Word>
	<Word id="w1158">
	<Coords points="2824,3190 2860,3190 2860,3206 2921,3206 2921,3243 2860,3243 2860,3244 2824,3244"/>
	<Glyph id="c1159">
	<Coords points="2824,3190 2860,3190 2860,3244 2824,3244"/>
	<TextEquiv>
	<Unicode>d</Unicode></TextEquiv></Glyph>
	<Glyph id="c1160">
	<Coords points="2864,3206 2894,3206 2894,3242 2864,3242"/>
	<TextEquiv>
	<Unicode>e</Unicode></TextEquiv></Glyph>
	<Glyph id="c1161">
	<Coords points="2895,3206 2921,3206 2921,3243 2895,3243"/>
	<TextEquiv>
	<Unicode>s</Unicode></TextEquiv></Glyph>
	<TextEquiv>
	<Unicode>des</Unicode></TextEquiv></Word>
	<TextEquiv>
	<Unicode>placements it moins de 25 p. °/., 31 cause du loyer et des</Unicode></TextEquiv></TextLine>
	<TextLine id="l1162">
	<Coords points="2405,3267 2445,3267 2445,3296 2569,3296 2569,3281 2586,3281 2586,3295 2706,3295 2706,3281 2812,3281 2812,3280 2894,3280 2894,3310 2920,3310 2920,3321 2894,3321 2894,3334 2864,3334 2864,3333 2703,3333 2703,3349 2666,3349 2666,3334 2589,3334 2589,3333 2485,3333 2485,3337 2447,3337 2447,3335 2327,3335 2327,3338 2310,3338 2310,3335 2181,3335 2181,3337 2124,3337 2124,3338 1890,3338 1890,3337 1803,3337 1803,3335 1672,3335 1672,3336 1546,3336 1546,3349 1510,3349 1510,3335 1339,3335 1339,3349 1306,3349 1306,3335 1272,3335 1272,3334 1214,3334 1214,3297 1340,3297 1340,3296 1402,3296 1402,3280 1421,3280 1421,3296 1488,3296 1488,3297 1592,3297 1592,3282 1605,3282 1605,3281 1692,3281 1692,3280 1729,3280 1729,3296 1837,3296 1837,3280 1852,3280 1852,3284 1952,3284 1952,3285 2076,3285 2076,3280 2090,3280 2090,3281 2181,3281 2181,3296 2310,3296 2310,3282 2405,3282"/>
	<Word id="w1163">
	<Coords points="1402,3280 1421,3280 1421,3296 1488,3296 1488,3333 1459,3333 1459,3335 1339,3335 1339,3349 1306,3349 1306,3335 1272,3335 1272,3334 1214,3334 1214,3297 1340,3297 1340,3296 1402,3296"/>
	<Glyph id="c1164">
	<Coords points="1214,3297 1269,3297 1269,3334 1214,3334"/>
	<TextEquiv>
	<Unicode>m</Unicode></TextEquiv></Glyph>
	<Glyph id="c1165">
	<Coords points="1272,3297 1301,3297 1301,3335 1272,3335"/>
	<TextEquiv>
	<Unicode>a</Unicode></TextEquiv></Glyph>
	<Glyph id="c1166">
	<Coords points="1306,3297 1339,3297 1339,3349 1306,3349"/>
	<TextEquiv>
	<Unicode>g</Unicode></TextEquiv></Glyph>
	<Glyph id="c1167">
	<Coords points="1340,3296 1371,3296 1371,3334 1340,3334"/>
	<TextEquiv>
	<Unicode>a</Unicode></TextEquiv></Glyph>
	<Glyph id="c1168">
	<Coords points="1373,3296 1399,3296 1399,3334 1373,3334"/>
	<TextEquiv>
	<Unicode>s</Unicode></TextEquiv></Glyph>
	<Glyph id="c1169">
	<Coords points="1402,3280 1421,3280 1421,3333 1402,3333"/>
	<TextEquiv>
	<Unicode>i</Unicode></TextEquiv></Glyph>
	<Glyph id="c1170">
	<Coords points="1423,3297 1459,3297 1459,3335 1423,3335"/>
	<TextEquiv>
	<Unicode>n</Unicode></TextEquiv></Glyph>
	<Glyph id="c1171">
	<Coords points="1462,3296 1488,3296 1488,3333 1462,3333"/>
	<TextEquiv>
	<Unicode>s</Unicode></TextEquiv></Glyph>
	<TextEquiv>
	<Unicode>magasins</Unicode></TextEquiv></Word>
	<Word id="w1172">
	<Coords points="1605,3281 1622,3281 1622,3282 1646,3282 1646,3296 1672,3296 1672,3336 1546,3336 1546,3349 1510,3349 1510,3297 1592,3297 1592,3282 1605,3282"/>
	<Glyph id="c1173">
	<Coords points="1510,3297 1546,3297 1546,3349 1510,3349"/>
	<TextEquiv>
	<Unicode>q</Unicode></TextEquiv></Glyph>
	<Glyph id="c1174">
	<Coords points="1550,3297 1587,3297 1587,3335 1550,3335"/>
	<TextEquiv>
	<Unicode>u</Unicode></TextEquiv></Glyph>
	<Glyph id="c1175">
	<Coords points="1592,3282 1603,3282 1603,3303 1592,3303"/>
	<TextEquiv>
	<Unicode>’</Unicode></TextEquiv></Glyph>
	<Glyph id="c1176">
	<Coords points="1605,3281 1622,3281 1622,3335 1605,3335"/>
	<TextEquiv>
	<Unicode>i</Unicode></TextEquiv></Glyph>
	<Glyph id="c1177">
	<Coords points="1627,3282 1646,3282 1646,3336 1627,3336"/>
	<TextEquiv>
	<Unicode>l</Unicode></TextEquiv></Glyph>
	<Glyph id="c1178">
	<Coords points="1643,3296 1672,3296 1672,3336 1643,3336"/>
	<TextEquiv>
	<Unicode>s</Unicode></TextEquiv></Glyph>
	<TextEquiv>
	<Unicode>qu’ils</Unicode></TextEquiv></Word>
	<Word id="w1179">
	<Coords points="1692,3280 1729,3280 1729,3296 1837,3296 1837,3280 1852,3280 1852,3284 1952,3284 1952,3338 1890,3338 1890,3337 1803,3337 1803,3335 1692,3335"/>
	<Glyph id="c1180">
	<Coords points="1692,3280 1729,3280 1729,3335 1692,3335"/>
	<TextEquiv>
	<Unicode>d</Unicode></TextEquiv></Glyph>
	<Glyph id="c1181">
	<Coords points="1733,3296 1762,3296 1762,3335 1733,3335"/>
	<TextEquiv>
	<Unicode>e</Unicode></TextEquiv></Glyph>
	<Glyph id="c1182">
	<Coords points="1765,3296 1801,3296 1801,3333 1765,3333"/>
	<TextEquiv>
	<Unicode>v</Unicode></TextEquiv></Glyph>
	<Glyph id="c1183">
	<Coords points="1803,3297 1833,3297 1833,3337 1803,3337"/>
	<TextEquiv>
	<Unicode>a</Unicode></TextEquiv></Glyph>
	<Glyph id="c1184">
	<Coords points="1837,3280 1852,3280 1852,3333 1837,3333"/>
	<TextEquiv>
	<Unicode>i</Unicode></TextEquiv></Glyph>
	<Glyph id="c1185">
	<Coords points="1856,3297 1887,3297 1887,3334 1856,3334"/>
	<TextEquiv>
	<Unicode>e</Unicode></TextEquiv></Glyph>
	<Glyph id="c1186">
	<Coords points="1890,3297 1926,3297 1926,3338 1890,3338"/>
	<TextEquiv>
	<Unicode>n</Unicode></TextEquiv></Glyph>
	<Glyph id="c1187">
	<Coords points="1930,3284 1952,3284 1952,3338 1930,3338"/>
	<TextEquiv>
	<Unicode>t</Unicode></TextEquiv></Glyph>
	<TextEquiv>
	<Unicode>devaient</Unicode></TextEquiv></Word>
	<Word id="w1188">
	<Coords points="2076,3280 2090,3280 2090,3297 2124,3297 2124,3338 2003,3338 2003,3334 1980,3334 1980,3285 2076,3285"/>
	<Glyph id="c1189">
	<Coords points="1980,3285 2000,3285 2000,3334 1980,3334"/>
	<TextEquiv>
	<Unicode>t</Unicode></TextEquiv></Glyph>
	<Glyph id="c1190">
	<Coords points="2003,3297 2032,3297 2032,3338 2003,3338"/>
	<TextEquiv>
	<Unicode>e</Unicode></TextEquiv></Glyph>
	<Glyph id="c1191">
	<Coords points="2036,3297 2071,3297 2071,3337 2036,3337"/>
	<TextEquiv>
	<Unicode>n</Unicode></TextEquiv></Glyph>
	<Glyph id="c1192">
	<Coords points="2076,3280 2090,3280 2090,3333 2076,3333"/>
	<TextEquiv>
	<Unicode>i</Unicode></TextEquiv></Glyph>
	<Glyph id="c1193">
	<Coords points="2096,3297 2124,3297 2124,3338 2096,3338"/>
	<TextEquiv>
	<Unicode>r</Unicode></TextEquiv></Glyph>
	<TextEquiv>
	<Unicode>tenir</Unicode></TextEquiv></Word>
	<Word id="w1194">
	<Coords points="2144,3281 2181,3281 2181,3296 2284,3296 2284,3335 2181,3335 2181,3337 2144,3337"/>
	<Glyph id="c1195">
	<Coords points="2144,3281 2181,3281 2181,3337 2144,3337"/>
	<TextEquiv>
	<Unicode>d</Unicode></TextEquiv></Glyph>
	<Glyph id="c1196">
	<Coords points="2184,3297 2215,3297 2215,3334 2184,3334"/>
	<TextEquiv>
	<Unicode>a</Unicode></TextEquiv></Glyph>
	<Glyph id="c1197">
	<Coords points="2220,3297 2254,3297 2254,3333 2220,3333"/>
	<TextEquiv>
	<Unicode>n</Unicode></TextEquiv></Glyph>
	<Glyph id="c1198">
	<Coords points="2259,3296 2284,3296 2284,3335 2259,3335"/>
	<TextEquiv>
	<Unicode>s</Unicode></TextEquiv></Glyph>
	<TextEquiv>
	<Unicode>dans</Unicode></TextEquiv></Word>
	<Word id="w1199">
	<Coords points="2310,3282 2327,3282 2327,3297 2390,3297 2390,3335 2327,3335 2327,3338 2310,3338"/>
	<Glyph id="c1200">
	<Coords points="2310,3282 2327,3282 2327,3338 2310,3338"/>
	<TextEquiv>
	<Unicode>l</Unicode></TextEquiv></Glyph>
	<Glyph id="c1201">
	<Coords points="2332,3297 2360,3297 2360,3333 2332,3333"/>
	<TextEquiv>
	<Unicode>e</Unicode></TextEquiv></Glyph>
	<Glyph id="c1202">
	<Coords points="2363,3297 2390,3297 2390,3335 2363,3335"/>
	<TextEquiv>
	<Unicode>s</Unicode></TextEquiv></Glyph>
	<TextEquiv>
	<Unicode>les</Unicode></TextEquiv></Word>
	<Word id="w1203">
	<Coords points="2405,3267 2445,3267 2445,3296 2547,3296 2547,3333 2485,3333 2485,3337 2447,3337 2447,3333 2405,3333"/>
	<Glyph id="c1204">
	<Coords points="2405,3267 2445,3267 2445,3333 2405,3333"/>
	<TextEquiv>
	<Unicode>r</Unicode></TextEquiv></Glyph>
	<Glyph id="c1205">
	<Coords points="2447,3297 2485,3297 2485,3337 2447,3337"/>
	<TextEquiv>
	<Unicode>u</Unicode></TextEquiv></Glyph>
	<Glyph id="c1206">
	<Coords points="2489,3296 2519,3296 2519,3333 2489,3333"/>
	<TextEquiv>
	<Unicode>e</Unicode></TextEquiv></Glyph>
	<Glyph id="c1207">
	<Coords points="2522,3296 2547,3296 2547,3333 2522,3333"/>
	<TextEquiv>
	<Unicode>s</Unicode></TextEquiv></Glyph>
	<TextEquiv>
	<Unicode>rues</Unicode></TextEquiv></Word>
	<Word id="w1208">
	<Coords points="2569,3281 2586,3281 2586,3295 2647,3295 2647,3334 2589,3334 2589,3333 2569,3333"/>
	<Glyph id="c1209">
	<Coords points="2569,3281 2586,3281 2586,3333 2569,3333"/>
	<TextEquiv>
	<Unicode>l</Unicode></TextEquiv></Glyph>
	<Glyph id="c1210">
	<Coords points="2589,3295 2621,3295 2621,3334 2589,3334"/>
	<TextEquiv>
	<Unicode>e</Unicode></TextEquiv></Glyph>
	<Glyph id="c1211">
	<Coords points="2619,3295 2647,3295 2647,3334 2619,3334"/>
	<TextEquiv>
	<Unicode>s</Unicode></TextEquiv></Glyph>
	<TextEquiv>
	<Unicode>les</Unicode></TextEquiv></Word>
	<Word id="w1212">
	<Coords points="2706,3281 2720,3281 2720,3295 2791,3295 2791,3333 2703,3333 2703,3349 2666,3349 2666,3297 2706,3297"/>
	<Glyph id="c1213">
	<Coords points="2666,3297 2703,3297 2703,3349 2666,3349"/>
	<TextEquiv>
	<Unicode>p</Unicode></TextEquiv></Glyph>
	<Glyph id="c1214">
	<Coords points="2706,3281 2720,3281 2720,3332 2706,3332"/>
	<TextEquiv>
	<Unicode>l</Unicode></TextEquiv></Glyph>
	<Glyph id="c1215">
	<Coords points="2726,3296 2763,3296 2763,3333 2726,3333"/>
	<TextEquiv>
	<Unicode>u</Unicode></TextEquiv></Glyph>
	<Glyph id="c1216">
	<Coords points="2766,3295 2791,3295 2791,3333 2766,3333"/>
	<TextEquiv>
	<Unicode>s</Unicode></TextEquiv></Glyph>
	<TextEquiv>
	<Unicode>plus</Unicode></TextEquiv></Word>
	<Word id="w1217">
	<Coords points="2812,3280 2894,3280 2894,3310 2920,3310 2920,3321 2894,3321 2894,3334 2864,3334 2864,3332 2835,3332 2835,3331 2812,3331"/>
	<Glyph id="c1218">
	<Coords points="2812,3280 2837,3280 2837,3331 2812,3331"/>
	<TextEquiv>
	<Unicode>f</Unicode></TextEquiv></Glyph>
	<Glyph id="c1219">
	<Coords points="2835,3297 2862,3297 2862,3332 2835,3332"/>
	<TextEquiv>
	<Unicode>r</Unicode></TextEquiv></Glyph>
	<Glyph id="c1220">
	<Coords points="2864,3280 2894,3280 2894,3334 2864,3334"/>
	<TextEquiv>
	<Unicode>e</Unicode></TextEquiv></Glyph>
	<Glyph id="c1221">
	<Coords points="2897,3310 2920,3310 2920,3321 2897,3321"/>
	<TextEquiv>
	<Unicode>-</Unicode></TextEquiv></Glyph>
	<TextEquiv>
	<Unicode>fre-</Unicode></TextEquiv></Word>
	<TextEquiv>
	<Unicode>magasins qu’ils devaient tenir dans les rues les plus fre-</Unicode></TextEquiv></TextLine>
	<TextLine id="l1222">
	<Coords points="1390,3369 1420,3369 1420,3370 2344,3370 2344,3379 1420,3379 1420,3385 1480,3385 1480,3410 1501,3410 1501,3423 1288,3423 1288,3424 1247,3424 1247,3440 1213,3440 1213,3388 1255,3388 1255,3387 1294,3387 1294,3386 1367,3386 1367,3373 1390,3373"/>
	<Word id="w1223">
	<Coords points="1390,3369 1420,3369 1420,3385 1480,3385 1480,3410 1501,3410 1501,3423 1288,3423 1288,3424 1247,3424 1247,3440 1213,3440 1213,3388 1255,3388 1255,3387 1294,3387 1294,3386 1367,3386 1367,3373 1390,3373"/>
	<Glyph id="c1224">
	<Coords points="1213,3388 1247,3388 1247,3440 1213,3440"/>
	<TextEquiv>
	<Unicode>q</Unicode></TextEquiv></Glyph>
	<Glyph id="c1225">
	<Coords points="1255,3387 1288,3387 1288,3424 1255,3424"/>
	<TextEquiv>
	<Unicode>u</Unicode></TextEquiv></Glyph>
	<Glyph id="c1226">
	<Coords points="1294,3386 1323,3386 1323,3423 1294,3423"/>
	<TextEquiv>
	<Unicode>e</Unicode></TextEquiv></Glyph>
	<Glyph id="c1227">
	<Coords points="1327,3387 1362,3387 1362,3423 1327,3423"/>
	<TextEquiv>
	<Unicode>n</Unicode></TextEquiv></Glyph>
	<Glyph id="c1228">
	<Coords points="1367,3373 1388,3373 1388,3423 1367,3423"/>
	<TextEquiv>
	<Unicode>t</Unicode></TextEquiv></Glyph>
	<Glyph id="c1229">
	<Coords points="1390,3369 1420,3369 1420,3423 1390,3423"/>
	<TextEquiv>
	<Unicode>é</Unicode></TextEquiv></Glyph>
	<Glyph id="c1230">
	<Coords points="1423,3386 1452,3386 1452,3423 1423,3423"/>
	<TextEquiv>
	<Unicode>e</Unicode></TextEquiv></Glyph>
	<Glyph id="c1231">
	<Coords points="1455,3385 1480,3385 1480,3423 1455,3423"/>
	<TextEquiv>
	<Unicode>s</Unicode></TextEquiv></Glyph>
	<Glyph id="c1232">
	<Coords points="1487,3410 1501,3410 1501,3423 1487,3423"/>
	<TextEquiv>
	<Unicode>.</Unicode></TextEquiv></Glyph>
	<TextEquiv>
	<Unicode>quentées.</Unicode></TextEquiv></Word>
	<Word id="w1233">
	<Coords points="2337,3370 2344,3370 2344,3379 2337,3379"/>
	<Glyph id="c1234">
	<Coords points="2337,3370 2344,3370 2344,3379 2337,3379"/>
	<TextEquiv>
	<Unicode>'</Unicode></TextEquiv></Glyph>
	<TextEquiv>
	<Unicode>'</Unicode></TextEquiv></Word>
	<TextEquiv>
	<Unicode>quentées. '</Unicode></TextEquiv></TextLine>
	<TextEquiv>
	<Unicode>Les chases en restérent 1a pendant pen de temps, les
libraires ﬁrent des representations pour qu’il leur fut
déduit 5 p. °l. :71 cause des créances arriérées, et comme
l’appétit vient en mangeant, oes messieurs s’enhardirent
in déclarer qu’il leur était impossible de se charger, des
placements it moins de 25 p. °/., 31 cause du loyer et des
magasins qu’ils devaient tenir dans les rues les plus fre-
quentées. '</Unicode></TextEquiv></TextRegion>
	<TextRegion id="r1235" type="paragraph">
	<Coords points="1530,3458 1561,3458 1561,3473 1763,3473 1763,3461 1778,3461 1778,3475 1947,3475 1947,3474 1977,3474 1977,3462 1999,3462 1999,3459 2015,3459 2015,3475 2117,3475 2117,3459 2156,3459 2156,3460 2290,3460 2290,3466 2311,3466 2311,3474 2525,3474 2525,3460 2579,3460 2579,3458 2592,3458 2592,3460 2702,3460 2702,3462 2840,3462 2840,3459 2854,3459 2854,3477 2916,3477 2916,3513 2915,3513 2915,3656 2916,3656 2916,3695 2820,3695 2820,3702 2710,3702 2710,3708 2672,3708 2672,3696 2509,3696 2509,3728 1803,3728 1803,3736 1434,3736 1434,3781 1412,3781 1412,3782 1349,3782 1349,3783 1206,3783 1206,3747 1210,3747 1210,3603 1208,3603 1208,3566 1214,3566 1214,3550 1286,3550 1286,3460 1335,3460 1335,3463 1530,3463"/>
	<TextLine id="l1236">
	<Coords points="1530,3458 1561,3458 1561,3473 1763,3473 1763,3461 1778,3461 1778,3475 1947,3475 1947,3474 1977,3474 1977,3462 1999,3462 1999,3459 2015,3459 2015,3475 2117,3475 2117,3459 2156,3459 2156,3460 2290,3460 2290,3466 2311,3466 2311,3474 2525,3474 2525,3460 2579,3460 2579,3458 2592,3458 2592,3460 2702,3460 2702,3462 2840,3462 2840,3459 2854,3459 2854,3477 2916,3477 2916,3513 2835,3513 2835,3515 2764,3515 2764,3518 2702,3518 2702,3513 2523,3513 2523,3528 2487,3528 2487,3515 2290,3515 2290,3516 2052,3516 2052,3517 2018,3517 2018,3516 1869,3516 1869,3528 1834,3528 1834,3514 1670,3514 1670,3528 1633,3528 1633,3527 1564,3527 1564,3513 1286,3513 1286,3460 1335,3460 1335,3463 1530,3463"/>
	<Word id="w1237">
	<Coords points="1286,3460 1335,3460 1335,3513 1286,3513"/>
	<Glyph id="c1238">
	<Coords points="1286,3460 1335,3460 1335,3513 1286,3513"/>
	<TextEquiv>
	<Unicode>A</Unicode></TextEquiv></Glyph>
	<TextEquiv>
	<Unicode>A</Unicode></TextEquiv></Word>
	<Word id="w1239">
	<Coords points="1427,3463 1449,3463 1449,3465 1471,3465 1471,3476 1504,3476 1504,3513 1359,3513 1359,3477 1394,3477 1394,3476 1427,3476"/>
	<Glyph id="c1240">
	<Coords points="1359,3477 1392,3477 1392,3513 1359,3513"/>
	<TextEquiv>
	<Unicode>c</Unicode></TextEquiv></Glyph>
	<Glyph id="c1241">
	<Coords points="1394,3476 1425,3476 1425,3513 1394,3513"/>
	<TextEquiv>
	<Unicode>e</Unicode></TextEquiv></Glyph>
	<Glyph id="c1242">
	<Coords points="1427,3463 1449,3463 1449,3513 1427,3513"/>
	<TextEquiv>
	<Unicode>t</Unicode></TextEquiv></Glyph>
	<Glyph id="c1243">
	<Coords points="1449,3465 1471,3465 1471,3512 1449,3512"/>
	<TextEquiv>
	<Unicode>t</Unicode></TextEquiv></Glyph>
	<Glyph id="c1244">
	<Coords points="1474,3476 1504,3476 1504,3513 1474,3513"/>
	<TextEquiv>
	<Unicode>e</Unicode></TextEquiv></Glyph>
	<TextEquiv>
	<Unicode>cette</Unicode></TextEquiv></Word>
	<Word id="w1245">
	<Coords points="1530,3458 1561,3458 1561,3473 1670,3473 1670,3475 1746,3475 1746,3513 1712,3513 1712,3514 1670,3514 1670,3528 1633,3528 1633,3527 1564,3527 1564,3513 1530,3513"/>
	<Glyph id="c1246">
	<Coords points="1530,3458 1561,3458 1561,3513 1530,3513"/>
	<TextEquiv>
	<Unicode>é</Unicode></TextEquiv></Glyph>
	<Glyph id="c1247">
	<Coords points="1564,3475 1599,3475 1599,3527 1564,3527"/>
	<TextEquiv>
	<Unicode>p</Unicode></TextEquiv></Glyph>
	<Glyph id="c1248">
	<Coords points="1600,3473 1635,3473 1635,3514 1600,3514"/>
	<TextEquiv>
	<Unicode>o</Unicode></TextEquiv></Glyph>
	<Glyph id="c1249">
	<Coords points="1633,3473 1670,3473 1670,3528 1633,3528"/>
	<TextEquiv>
	<Unicode>q</Unicode></TextEquiv></Glyph>
	<Glyph id="c1250">
	<Coords points="1674,3475 1712,3475 1712,3514 1674,3514"/>
	<TextEquiv>
	<Unicode>u</Unicode></TextEquiv></Glyph>
	<Glyph id="c1251">
	<Coords points="1715,3475 1746,3475 1746,3513 1715,3513"/>
	<TextEquiv>
	<Unicode>e</Unicode></TextEquiv></Glyph>
	<TextEquiv>
	<Unicode>époque</Unicode></TextEquiv></Word>
	<Word id="w1252">
	<Coords points="1763,3461 1778,3461 1778,3475 1815,3475 1815,3514 1780,3514 1780,3512 1763,3512"/>
	<Glyph id="c1253">
	<Coords points="1763,3461 1778,3461 1778,3512 1763,3512"/>
	<TextEquiv>
	<Unicode>l</Unicode></TextEquiv></Glyph>
	<Glyph id="c1254">
	<Coords points="1780,3475 1815,3475 1815,3514 1780,3514"/>
	<TextEquiv>
	<Unicode>a</Unicode></TextEquiv></Glyph>
	<TextEquiv>
	<Unicode>la</Unicode></TextEquiv></Word>
	<Word id="w1255">
	<Coords points="1999,3459 2015,3459 2015,3475 2052,3475 2052,3477 2090,3477 2090,3516 2052,3516 2052,3517 2018,3517 2018,3516 1869,3516 1869,3528 1834,3528 1834,3475 1947,3475 1947,3474 1977,3474 1977,3462 1999,3462"/>
	<Glyph id="c1256">
	<Coords points="1834,3475 1869,3475 1869,3528 1834,3528"/>
	<TextEquiv>
	<Unicode>q</Unicode></TextEquiv></Glyph>
	<Glyph id="c1257">
	<Coords points="1874,3475 1910,3475 1910,3513 1874,3513"/>
	<TextEquiv>
	<Unicode>u</Unicode></TextEquiv></Glyph>
	<Glyph id="c1258">
	<Coords points="1915,3475 1945,3475 1945,3514 1915,3514"/>
	<TextEquiv>
	<Unicode>e</Unicode></TextEquiv></Glyph>
	<Glyph id="c1259">
	<Coords points="1947,3474 1973,3474 1973,3516 1947,3516"/>
	<TextEquiv>
	<Unicode>s</Unicode></TextEquiv></Glyph>
	<Glyph id="c1260">
	<Coords points="1977,3462 1997,3462 1997,3513 1977,3513"/>
	<TextEquiv>
	<Unicode>t</Unicode></TextEquiv></Glyph>
	<Glyph id="c1261">
	<Coords points="1999,3459 2015,3459 2015,3515 1999,3515"/>
	<TextEquiv>
	<Unicode>i</Unicode></TextEquiv></Glyph>
	<Glyph id="c1262">
	<Coords points="2018,3475 2052,3475 2052,3517 2018,3517"/>
	<TextEquiv>
	<Unicode>o</Unicode></TextEquiv></Glyph>
	<Glyph id="c1263">
	<Coords points="2054,3477 2090,3477 2090,3516 2054,3516"/>
	<TextEquiv>
	<Unicode>n</Unicode></TextEquiv></Glyph>
	<TextEquiv>
	<Unicode>question</Unicode></TextEquiv></Word>
	<Word id="w1264">
	<Coords points="2117,3459 2156,3459 2156,3476 2196,3476 2196,3515 2156,3515 2156,3516 2117,3516"/>
	<Glyph id="c1265">
	<Coords points="2117,3459 2156,3459 2156,3516 2117,3516"/>
	<TextEquiv>
	<Unicode>d</Unicode></TextEquiv></Glyph>
	<Glyph id="c1266">
	<Coords points="2160,3476 2196,3476 2196,3515 2160,3515"/>
	<TextEquiv>
	<Unicode>u</Unicode></TextEquiv></Glyph>
	<TextEquiv>
	<Unicode>du</Unicode></TextEquiv></Word>
	<Word id="w1267">
	<Coords points="2222,3460 2290,3460 2290,3466 2311,3466 2311,3487 2290,3487 2290,3516 2255,3516 2255,3513 2222,3513"/>
	<Glyph id="c1268">
	<Coords points="2222,3460 2243,3460 2243,3513 2222,3513"/>
	<TextEquiv>
	<Unicode>l</Unicode></TextEquiv></Glyph>
	<Glyph id="c1269">
	<Coords points="2255,3460 2290,3460 2290,3516 2255,3516"/>
	<TextEquiv>
	<Unicode>5</Unicode></TextEquiv></Glyph>
	<Glyph id="c1270">
	<Coords points="2293,3466 2311,3466 2311,3487 2293,3487"/>
	<TextEquiv>
	<Unicode>°</Unicode></TextEquiv></Glyph>
	<TextEquiv>
	<Unicode>l5°</Unicode></TextEquiv></Word>
	<Word id="w1271">
	<Coords points="2579,3458 2592,3458 2592,3475 2659,3475 2659,3513 2523,3513 2523,3528 2487,3528 2487,3515 2360,3515 2360,3512 2327,3512 2327,3475 2395,3475 2395,3474 2525,3474 2525,3460 2579,3460"/>
	<Glyph id="c1272">
	<Coords points="2327,3475 2357,3475 2357,3512 2327,3512"/>
	<TextEquiv>
	<Unicode>e</Unicode></TextEquiv></Glyph>
	<Glyph id="c1273">
	<Coords points="2360,3476 2395,3476 2395,3515 2360,3515"/>
	<TextEquiv>
	<Unicode>x</Unicode></TextEquiv></Glyph>
	<Glyph id="c1274">
	<Coords points="2395,3474 2427,3474 2427,3513 2395,3513"/>
	<TextEquiv>
	<Unicode>e</Unicode></TextEquiv></Glyph>
	<Glyph id="c1275">
	<Coords points="2430,3474 2484,3474 2484,3515 2430,3515"/>
	<TextEquiv>
	<Unicode>m</Unicode></TextEquiv></Glyph>
	<Glyph id="c1276">
	<Coords points="2487,3477 2523,3477 2523,3528 2487,3528"/>
	<TextEquiv>
	<Unicode>p</Unicode></TextEquiv></Glyph>
	<Glyph id="c1277">
	<Coords points="2525,3460 2540,3460 2540,3512 2525,3512"/>
	<TextEquiv>
	<Unicode>l</Unicode></TextEquiv></Glyph>
	<Glyph id="c1278">
	<Coords points="2544,3476 2574,3476 2574,3513 2544,3513"/>
	<TextEquiv>
	<Unicode>a</Unicode></TextEquiv></Glyph>
	<Glyph id="c1279">
	<Coords points="2579,3458 2592,3458 2592,3512 2579,3512"/>
	<TextEquiv>
	<Unicode>i</Unicode></TextEquiv></Glyph>
	<Glyph id="c1280">
	<Coords points="2599,3476 2626,3476 2626,3513 2599,3513"/>
	<TextEquiv>
	<Unicode>r</Unicode></TextEquiv></Glyph>
	<Glyph id="c1281">
	<Coords points="2627,3475 2659,3475 2659,3513 2627,3513"/>
	<TextEquiv>
	<Unicode>e</Unicode></TextEquiv></Glyph>
	<TextEquiv>
	<Unicode>exemplaire</Unicode></TextEquiv></Word>
	<Word id="w1282">
	<Coords points="2678,3460 2702,3460 2702,3462 2764,3462 2764,3518 2702,3518 2702,3512 2678,3512"/>
	<Glyph id="c1283">
	<Coords points="2678,3460 2702,3460 2702,3512 2678,3512"/>
	<TextEquiv>
	<Unicode>f</Unicode></TextEquiv></Glyph>
	<Glyph id="c1284">
	<Coords points="2702,3476 2738,3476 2738,3518 2702,3518"/>
	<TextEquiv>
	<Unicode>u</Unicode></TextEquiv></Glyph>
	<Glyph id="c1285">
	<Coords points="2743,3462 2764,3462 2764,3518 2743,3518"/>
	<TextEquiv>
	<Unicode>t</Unicode></TextEquiv></Glyph>
	<TextEquiv>
	<Unicode>fut</Unicode></TextEquiv></Word>
	<Word id="w1286">
	<Coords points="2840,3459 2854,3459 2854,3477 2916,3477 2916,3513 2835,3513 2835,3515 2782,3515 2782,3476 2840,3476"/>
	<Glyph id="c1287">
	<Coords points="2782,3476 2835,3476 2835,3515 2782,3515"/>
	<TextEquiv>
	<Unicode>m</Unicode></TextEquiv></Glyph>
	<Glyph id="c1288">
	<Coords points="2840,3459 2854,3459 2854,3512 2840,3512"/>
	<TextEquiv>
	<Unicode>i</Unicode></TextEquiv></Glyph>
	<Glyph id="c1289">
	<Coords points="2859,3477 2883,3477 2883,3513 2859,3513"/>
	<TextEquiv>
	<Unicode>s</Unicode></TextEquiv></Glyph>
	<Glyph id="c1290">
	<Coords points="2887,3477 2916,3477 2916,3513 2887,3513"/>
	<TextEquiv>
	<Unicode>c</Unicode></TextEquiv></Glyph>
	<TextEquiv>
	<Unicode>misc</Unicode></TextEquiv></Word>
	<TextEquiv>
	<Unicode>A cette époque la question du l5° exemplaire fut misc</Unicode></TextEquiv></TextLine>
	<TextLine id="l1291">
	<Coords points="1494,3548 1533,3548 1533,3549 1617,3549 1617,3564 1655,3564 1655,3565 1795,3565 1795,3550 1897,3550 1897,3549 1970,3549 1970,3548 1986,3548 1986,3553 2011,3553 2011,3565 2200,3565 2200,3549 2212,3549 2212,3565 2527,3565 2527,3552 2568,3552 2568,3548 2599,3548 2599,3549 2709,3549 2709,3566 2749,3566 2749,3567 2886,3567 2886,3566 2915,3566 2915,3603 2881,3603 2881,3605 2840,3605 2840,3619 2805,3619 2805,3609 2656,3609 2656,3618 2620,3618 2620,3605 2418,3605 2418,3606 2379,3606 2379,3616 2283,3616 2283,3619 2247,3619 2247,3604 2145,3604 2145,3606 2085,3606 2085,3607 2047,3607 2047,3606 1990,3606 1990,3604 1756,3604 1756,3618 1742,3618 1742,3606 1617,3606 1617,3616 1595,3616 1595,3605 1494,3605 1494,3604 1338,3604 1338,3603 1208,3603 1208,3566 1214,3566 1214,3550 1225,3550 1225,3551 1364,3551 1364,3549 1494,3549"/>
	<Word id="w1292">
	<Coords points="1214,3550 1225,3550 1225,3566 1239,3566 1239,3603 1208,3603 1208,3566 1214,3566"/>
	<Glyph id="c1293">
	<Coords points="1214,3550 1225,3550 1225,3599 1214,3599"/>
	<TextEquiv>
	<Unicode>3</Unicode></TextEquiv></Glyph>
	<Glyph id="c1294">
	<Coords points="1208,3566 1239,3566 1239,3603 1208,3603"/>
	<TextEquiv>
	<Unicode>:</Unicode></TextEquiv></Glyph>
	<TextEquiv>
	<Unicode>3:</Unicode></TextEquiv></Word>
	<Word id="w1295">
	<Coords points="1364,3549 1407,3549 1407,3564 1468,3564 1468,3604 1338,3604 1338,3603 1267,3603 1267,3551 1364,3551"/>
	<Glyph id="c1296">
	<Coords points="1267,3551 1285,3551 1285,3603 1267,3603"/>
	<TextEquiv>
	<Unicode>l</Unicode></TextEquiv></Glyph>
	<Glyph id="c1297">
	<Coords points="1289,3552 1301,3552 1301,3572 1289,3572"/>
	<TextEquiv>
	<Unicode>’</Unicode></TextEquiv></Glyph>
	<Glyph id="c1298">
	<Coords points="1301,3566 1334,3566 1334,3603 1301,3603"/>
	<TextEquiv>
	<Unicode>o</Unicode></TextEquiv></Glyph>
	<Glyph id="c1299">
	<Coords points="1338,3566 1368,3566 1368,3604 1338,3604"/>
	<TextEquiv>
	<Unicode>r</Unicode></TextEquiv></Glyph>
	<Glyph id="c1300">
	<Coords points="1364,3549 1407,3549 1407,3604 1364,3604"/>
	<TextEquiv>
	<Unicode>d</Unicode></TextEquiv></Glyph>
	<Glyph id="c1301">
	<Coords points="1404,3564 1437,3564 1437,3604 1404,3604"/>
	<TextEquiv>
	<Unicode>r</Unicode></TextEquiv></Glyph>
	<Glyph id="c1302">
	<Coords points="1432,3564 1468,3564 1468,3604 1432,3604"/>
	<TextEquiv>
	<Unicode>e</Unicode></TextEquiv></Glyph>
	<TextEquiv>
	<Unicode>l’ordre</Unicode></TextEquiv></Word>
	<Word id="w1303">
	<Coords points="1494,3548 1533,3548 1533,3565 1574,3565 1574,3603 1533,3603 1533,3605 1494,3605"/>
	<Glyph id="c1304">
	<Coords points="1494,3548 1533,3548 1533,3605 1494,3605"/>
	<TextEquiv>
	<Unicode>d</Unicode></TextEquiv></Glyph>
	<Glyph id="c1305">
	<Coords points="1535,3565 1574,3565 1574,3603 1535,3603"/>
	<TextEquiv>
	<Unicode>n</Unicode></TextEquiv></Glyph>
	<TextEquiv>
	<Unicode>dn</Unicode></TextEquiv></Word>
	<Word id="w1306">
	<Coords points="1595,3549 1617,3549 1617,3564 1655,3564 1655,3565 1695,3565 1695,3566 1728,3566 1728,3590 1756,3590 1756,3618 1742,3618 1742,3606 1617,3606 1617,3616 1595,3616"/>
	<Glyph id="c1307">
	<Coords points="1595,3549 1617,3549 1617,3616 1595,3616"/>
	<TextEquiv>
	<Unicode>j</Unicode></TextEquiv></Glyph>
	<Glyph id="c1308">
	<Coords points="1622,3564 1655,3564 1655,3603 1622,3603"/>
	<TextEquiv>
	<Unicode>o</Unicode></TextEquiv></Glyph>
	<Glyph id="c1309">
	<Coords points="1657,3565 1695,3565 1695,3606 1657,3606"/>
	<TextEquiv>
	<Unicode>u</Unicode></TextEquiv></Glyph>
	<Glyph id="c1310">
	<Coords points="1699,3566 1728,3566 1728,3602 1699,3602"/>
	<TextEquiv>
	<Unicode>r</Unicode></TextEquiv></Glyph>
	<Glyph id="c1311">
	<Coords points="1742,3590 1756,3590 1756,3618 1742,3618"/>
	<TextEquiv>
	<Unicode>,</Unicode></TextEquiv></Glyph>
	<TextEquiv>
	<Unicode>jour,</Unicode></TextEquiv></Word>
	<Word id="w1312">
	<Coords points="1795,3550 1812,3550 1812,3565 1875,3565 1875,3603 1812,3603 1812,3604 1795,3604"/>
	<Glyph id="c1313">
	<Coords points="1795,3550 1812,3550 1812,3604 1795,3604"/>
	<TextEquiv>
	<Unicode>l</Unicode></TextEquiv></Glyph>
	<Glyph id="c1314">
	<Coords points="1817,3565 1846,3565 1846,3601 1817,3601"/>
	<TextEquiv>
	<Unicode>e</Unicode></TextEquiv></Glyph>
	<Glyph id="c1315">
	<Coords points="1845,3565 1875,3565 1875,3603 1845,3603"/>
	<TextEquiv>
	<Unicode>s</Unicode></TextEquiv></Glyph>
	<TextEquiv>
	<Unicode>les</Unicode></TextEquiv></Word>
	<Word id="w1316">
	<Coords points="1970,3548 1986,3548 1986,3553 2011,3553 2011,3565 2145,3565 2145,3606 2085,3606 2085,3607 2047,3607 2047,3606 1990,3606 1990,3604 1897,3604 1897,3549 1970,3549"/>
	<Glyph id="c1317">
	<Coords points="1897,3549 1930,3549 1930,3604 1897,3604"/>
	<TextEquiv>
	<Unicode>é</Unicode></TextEquiv></Glyph>
	<Glyph id="c1318">
	<Coords points="1928,3549 1966,3549 1966,3604 1928,3604"/>
	<TextEquiv>
	<Unicode>d</Unicode></TextEquiv></Glyph>
	<Glyph id="c1319">
	<Coords points="1970,3548 1986,3548 1986,3604 1970,3604"/>
	<TextEquiv>
	<Unicode>i</Unicode></TextEquiv></Glyph>
	<Glyph id="c1320">
	<Coords points="1990,3553 2011,3553 2011,3606 1990,3606"/>
	<TextEquiv>
	<Unicode>t</Unicode></TextEquiv></Glyph>
	<Glyph id="c1321">
	<Coords points="2014,3567 2044,3567 2044,3603 2014,3603"/>
	<TextEquiv>
	<Unicode>e</Unicode></TextEquiv></Glyph>
	<Glyph id="c1322">
	<Coords points="2047,3566 2085,3566 2085,3607 2047,3607"/>
	<TextEquiv>
	<Unicode>u</Unicode></TextEquiv></Glyph>
	<Glyph id="c1323">
	<Coords points="2090,3565 2119,3565 2119,3606 2090,3606"/>
	<TextEquiv>
	<Unicode>r</Unicode></TextEquiv></Glyph>
	<Glyph id="c1324">
	<Coords points="2116,3565 2145,3565 2145,3606 2116,3606"/>
	<TextEquiv>
	<Unicode>s</Unicode></TextEquiv></Glyph>
	<TextEquiv>
	<Unicode>éditeurs</Unicode></TextEquiv></Word>
	<Word id="w1325">
	<Coords points="2200,3549 2212,3549 2212,3565 2527,3565 2527,3552 2549,3552 2549,3603 2524,3603 2524,3605 2418,3605 2418,3606 2379,3606 2379,3616 2283,3616 2283,3619 2247,3619 2247,3604 2214,3604 2214,3602 2174,3602 2174,3565 2200,3565"/>
	<Glyph id="c1326">
	<Coords points="2174,3565 2199,3565 2199,3602 2174,3602"/>
	<TextEquiv>
	<Unicode>s</Unicode></TextEquiv></Glyph>
	<Glyph id="c1327">
	<Coords points="2200,3549 2212,3549 2212,3568 2200,3568"/>
	<TextEquiv>
	<Unicode>’</Unicode></TextEquiv></Glyph>
	<Glyph id="c1328">
	<Coords points="2214,3566 2245,3566 2245,3604 2214,3604"/>
	<TextEquiv>
	<Unicode>a</Unicode></TextEquiv></Glyph>
	<Glyph id="c1329">
	<Coords points="2247,3566 2283,3566 2283,3619 2247,3619"/>
	<TextEquiv>
	<Unicode>p</Unicode></TextEquiv></Glyph>
	<Glyph id="c1330">
	<Coords points="2286,3565 2317,3565 2317,3602 2286,3602"/>
	<TextEquiv>
	<Unicode>e</Unicode></TextEquiv></Glyph>
	<Glyph id="c1331">
	<Coords points="2321,3565 2347,3565 2347,3603 2321,3603"/>
	<TextEquiv>
	<Unicode>r</Unicode></TextEquiv></Glyph>
	<Glyph id="c1332">
	<Coords points="2349,3565 2379,3565 2379,3616 2349,3616"/>
	<TextEquiv>
	<Unicode>c</Unicode></TextEquiv></Glyph>
	<Glyph id="c1333">
	<Coords points="2382,3565 2418,3565 2418,3606 2382,3606"/>
	<TextEquiv>
	<Unicode>u</Unicode></TextEquiv></Glyph>
	<Glyph id="c1334">
	<Coords points="2424,3565 2452,3565 2452,3604 2424,3604"/>
	<TextEquiv>
	<Unicode>r</Unicode></TextEquiv></Glyph>
	<Glyph id="c1335">
	<Coords points="2454,3565 2484,3565 2484,3601 2454,3601"/>
	<TextEquiv>
	<Unicode>e</Unicode></TextEquiv></Glyph>
	<Glyph id="c1336">
	<Coords points="2488,3565 2524,3565 2524,3605 2488,3605"/>
	<TextEquiv>
	<Unicode>n</Unicode></TextEquiv></Glyph>
	<Glyph id="c1337">
	<Coords points="2527,3552 2549,3552 2549,3603 2527,3603"/>
	<TextEquiv>
	<Unicode>t</Unicode></TextEquiv></Glyph>
	<TextEquiv>
	<Unicode>s’apercurent</Unicode></TextEquiv></Word>
	<Word id="w1338">
	<Coords points="2568,3548 2599,3548 2599,3602 2568,3602"/>
	<Glyph id="c1339">
	<Coords points="2568,3548 2599,3548 2599,3602 2568,3602"/>
	<TextEquiv>
	<Unicode>é</Unicode></TextEquiv></Glyph>
	<TextEquiv>
	<Unicode>é</Unicode></TextEquiv></Word>
	<Word id="w1340">
	<Coords points="2693,3549 2709,3549 2709,3566 2749,3566 2749,3567 2784,3567 2784,3604 2749,3604 2749,3609 2656,3609 2656,3618 2620,3618 2620,3567 2660,3567 2660,3566 2693,3566"/>
	<Glyph id="c1341">
	<Coords points="2620,3567 2656,3567 2656,3618 2620,3618"/>
	<TextEquiv>
	<Unicode>p</Unicode></TextEquiv></Glyph>
	<Glyph id="c1342">
	<Coords points="2660,3566 2689,3566 2689,3602 2660,3602"/>
	<TextEquiv>
	<Unicode>e</Unicode></TextEquiv></Glyph>
	<Glyph id="c1343">
	<Coords points="2693,3549 2709,3549 2709,3602 2693,3602"/>
	<TextEquiv>
	<Unicode>i</Unicode></TextEquiv></Glyph>
	<Glyph id="c1344">
	<Coords points="2712,3566 2749,3566 2749,3609 2712,3609"/>
	<TextEquiv>
	<Unicode>n</Unicode></TextEquiv></Glyph>
	<Glyph id="c1345">
	<Coords points="2752,3567 2784,3567 2784,3604 2752,3604"/>
	<TextEquiv>
	<Unicode>e</Unicode></TextEquiv></Glyph>
	<TextEquiv>
	<Unicode>peine</Unicode></TextEquiv></Word>
	<Word id="w1346">
	<Coords points="2886,3566 2915,3566 2915,3603 2881,3603 2881,3605 2840,3605 2840,3619 2805,3619 2805,3567 2886,3567"/>
	<Glyph id="c1347">
	<Coords points="2805,3567 2840,3567 2840,3619 2805,3619"/>
	<TextEquiv>
	<Unicode>q</Unicode></TextEquiv></Glyph>
	<Glyph id="c1348">
	<Coords points="2844,3567 2881,3567 2881,3605 2844,3605"/>
	<TextEquiv>
	<Unicode>u</Unicode></TextEquiv></Glyph>
	<Glyph id="c1349">
	<Coords points="2886,3566 2915,3566 2915,3603 2886,3603"/>
	<TextEquiv>
	<Unicode>e</Unicode></TextEquiv></Glyph>
	<TextEquiv>
	<Unicode>que</Unicode></TextEquiv></Word>
	<TextEquiv>
	<Unicode>3: l’ordre dn jour, les éditeurs s’apercurent é peine que</Unicode></TextEquiv></TextLine>
	<TextLine id="l1350">
	<Coords points="2781,3633 2802,3633 2802,3639 2883,3639 2883,3656 2916,3656 2916,3695 2820,3695 2820,3702 2710,3702 2710,3708 2672,3708 2672,3696 2407,3696 2407,3708 2372,3708 2372,3694 2179,3694 2179,3695 2112,3695 2112,3712 2075,3712 2075,3708 2028,3708 2028,3694 1924,3694 1924,3706 1887,3706 1887,3690 1779,3690 1779,3700 1761,3700 1761,3704 1667,3704 1667,3708 1631,3708 1631,3692 1210,3692 1210,3656 1276,3656 1276,3641 1359,3641 1359,3638 1495,3638 1495,3637 1603,3637 1603,3655 1719,3655 1719,3644 1739,3644 1739,3635 1761,3635 1761,3637 1835,3637 1835,3639 1946,3639 1946,3654 2340,3654 2340,3637 2370,3637 2370,3654 2527,3654 2527,3642 2572,3642 2572,3638 2645,3638 2645,3656 2761,3656 2761,3646 2781,3646"/>
	<Word id="w1351">
	<Coords points="1276,3641 1289,3641 1289,3655 1326,3655 1326,3692 1210,3692 1210,3656 1276,3656"/>
	<Glyph id="c1352">
	<Coords points="1210,3656 1240,3656 1240,3692 1210,3692"/>
	<TextEquiv>
	<Unicode>c</Unicode></TextEquiv></Glyph>
	<Glyph id="c1353">
	<Coords points="1242,3656 1272,3656 1272,3692 1242,3692"/>
	<TextEquiv>
	<Unicode>e</Unicode></TextEquiv></Glyph>
	<Glyph id="c1354">
	<Coords points="1276,3641 1289,3641 1289,3692 1276,3692"/>
	<TextEquiv>
	<Unicode>l</Unicode></TextEquiv></Glyph>
	<Glyph id="c1355">
	<Coords points="1296,3655 1326,3655 1326,3692 1296,3692"/>
	<TextEquiv>
	<Unicode>a</Unicode></TextEquiv></Glyph>
	<TextEquiv>
	<Unicode>cela</Unicode></TextEquiv></Word>
	<Word id="w1356">
	<Coords points="1495,3637 1511,3637 1511,3641 1539,3641 1539,3691 1492,3691 1492,3692 1359,3692 1359,3638 1495,3638"/>
	<Glyph id="c1357">
	<Coords points="1359,3638 1384,3638 1384,3692 1359,3692"/>
	<TextEquiv>
	<Unicode>f</Unicode></TextEquiv></Glyph>
	<Glyph id="c1358">
	<Coords points="1380,3654 1409,3654 1409,3692 1380,3692"/>
	<TextEquiv>
	<Unicode>a</Unicode></TextEquiv></Glyph>
	<Glyph id="c1359">
	<Coords points="1414,3638 1430,3638 1430,3691 1414,3691"/>
	<TextEquiv>
	<Unicode>i</Unicode></TextEquiv></Glyph>
	<Glyph id="c1360">
	<Coords points="1434,3654 1460,3654 1460,3691 1434,3691"/>
	<TextEquiv>
	<Unicode>s</Unicode></TextEquiv></Glyph>
	<Glyph id="c1361">
	<Coords points="1462,3653 1492,3653 1492,3692 1462,3692"/>
	<TextEquiv>
	<Unicode>a</Unicode></TextEquiv></Glyph>
	<Glyph id="c1362">
	<Coords points="1495,3637 1511,3637 1511,3690 1495,3690"/>
	<TextEquiv>
	<Unicode>i</Unicode></TextEquiv></Glyph>
	<Glyph id="c1363">
	<Coords points="1516,3641 1539,3641 1539,3691 1516,3691"/>
	<TextEquiv>
	<Unicode>t</Unicode></TextEquiv></Glyph>
	<TextEquiv>
	<Unicode>faisait</Unicode></TextEquiv></Word>
	<Word id="w1364">
	<Coords points="1568,3637 1603,3637 1603,3692 1568,3692"/>
	<Glyph id="c1365">
	<Coords points="1568,3637 1603,3637 1603,3692 1568,3692"/>
	<TextEquiv>
	<Unicode>8</Unicode></TextEquiv></Glyph>
	<TextEquiv>
	<Unicode>8</Unicode></TextEquiv></Word>
	<Word id="w1366">
	<Coords points="1631,3655 1667,3655 1667,3678 1688,3678 1688,3691 1667,3691 1667,3708 1631,3708"/>
	<Glyph id="c1367">
	<Coords points="1631,3655 1667,3655 1667,3708 1631,3708"/>
	<TextEquiv>
	<Unicode>p</Unicode></TextEquiv></Glyph>
	<Glyph id="c1368">
	<Coords points="1675,3678 1688,3678 1688,3691 1675,3691"/>
	<TextEquiv>
	<Unicode>.</Unicode></TextEquiv></Glyph>
	<TextEquiv>
	<Unicode>p.</Unicode></TextEquiv></Word>
	<Word id="w1369">
	<Coords points="1739,3635 1761,3635 1761,3679 1779,3679 1779,3700 1761,3700 1761,3704 1739,3704 1739,3664 1719,3664 1719,3644 1739,3644"/>
	<Glyph id="c1370">
	<Coords points="1719,3644 1739,3644 1739,3664 1719,3664"/>
	<TextEquiv>
	<Unicode>0</Unicode></TextEquiv></Glyph>
	<Glyph id="c1371">
	<Coords points="1739,3635 1761,3635 1761,3704 1739,3704"/>
	<TextEquiv>
	<Unicode>l</Unicode></TextEquiv></Glyph>
	<Glyph id="c1372">
	<Coords points="1759,3679 1779,3679 1779,3700 1759,3700"/>
	<TextEquiv>
	<Unicode>o</Unicode></TextEquiv></Glyph>
	<TextEquiv>
	<Unicode>0lo</Unicode></TextEquiv></Word>
	<Word id="w1373">
	<Coords points="1799,3637 1835,3637 1835,3653 1868,3653 1868,3690 1799,3690"/>
	<Glyph id="c1374">
	<Coords points="1799,3637 1835,3637 1835,3690 1799,3690"/>
	<TextEquiv>
	<Unicode>d</Unicode></TextEquiv></Glyph>
	<Glyph id="c1375">
	<Coords points="1839,3653 1868,3653 1868,3690 1839,3690"/>
	<TextEquiv>
	<Unicode>e</Unicode></TextEquiv></Glyph>
	<TextEquiv>
	<Unicode>de</Unicode></TextEquiv></Word>
	<Word id="w1376">
	<Coords points="1927,3639 1946,3639 1946,3654 2014,3654 2014,3678 2042,3678 2042,3708 2028,3708 2028,3694 1924,3694 1924,3706 1887,3706 1887,3654 1927,3654"/>
	<Glyph id="c1377">
	<Coords points="1887,3654 1924,3654 1924,3706 1887,3706"/>
	<TextEquiv>
	<Unicode>p</Unicode></TextEquiv></Glyph>
	<Glyph id="c1378">
	<Coords points="1927,3639 1946,3639 1946,3693 1927,3693"/>
	<TextEquiv>
	<Unicode>l</Unicode></TextEquiv></Glyph>
	<Glyph id="c1379">
	<Coords points="1947,3654 1982,3654 1982,3694 1947,3694"/>
	<TextEquiv>
	<Unicode>u</Unicode></TextEquiv></Glyph>
	<Glyph id="c1380">
	<Coords points="1988,3654 2014,3654 2014,3691 1988,3691"/>
	<TextEquiv>
	<Unicode>s</Unicode></TextEquiv></Glyph>
	<Glyph id="c1381">
	<Coords points="2028,3678 2042,3678 2042,3708 2028,3708"/>
	<TextEquiv>
	<Unicode>,</Unicode></TextEquiv></Glyph>
	<TextEquiv>
	<Unicode>plus,</Unicode></TextEquiv></Word>
	<Word id="w1382">
	<Coords points="2114,3654 2144,3654 2144,3655 2179,3655 2179,3695 2112,3695 2112,3712 2075,3712 2075,3656 2114,3656"/>
	<Glyph id="c1383">
	<Coords points="2075,3656 2112,3656 2112,3712 2075,3712"/>
	<TextEquiv>
	<Unicode>p</Unicode></TextEquiv></Glyph>
	<Glyph id="c1384">
	<Coords points="2114,3654 2144,3654 2144,3693 2114,3693"/>
	<TextEquiv>
	<Unicode>a</Unicode></TextEquiv></Glyph>
	<Glyph id="c1385">
	<Coords points="2149,3655 2179,3655 2179,3695 2149,3695"/>
	<TextEquiv>
	<Unicode>r</Unicode></TextEquiv></Glyph>
	<TextEquiv>
	<Unicode>par</Unicode></TextEquiv></Word>
	<Word id="w1386">
	<Coords points="2340,3637 2370,3637 2370,3654 2527,3654 2527,3642 2549,3642 2549,3696 2407,3696 2407,3708 2372,3708 2372,3694 2237,3694 2237,3692 2205,3692 2205,3655 2237,3655 2237,3654 2340,3654"/>
	<Glyph id="c1387">
	<Coords points="2205,3655 2235,3655 2235,3692 2205,3692"/>
	<TextEquiv>
	<Unicode>c</Unicode></TextEquiv></Glyph>
	<Glyph id="c1388">
	<Coords points="2237,3654 2269,3654 2269,3694 2237,3694"/>
	<TextEquiv>
	<Unicode>o</Unicode></TextEquiv></Glyph>
	<Glyph id="c1389">
	<Coords points="2272,3655 2309,3655 2309,3694 2272,3694"/>
	<TextEquiv>
	<Unicode>n</Unicode></TextEquiv></Glyph>
	<Glyph id="c1390">
	<Coords points="2312,3654 2336,3654 2336,3693 2312,3693"/>
	<TextEquiv>
	<Unicode>s</Unicode></TextEquiv></Glyph>
	<Glyph id="c1391">
	<Coords points="2340,3637 2370,3637 2370,3692 2340,3692"/>
	<TextEquiv>
	<Unicode>e</Unicode></TextEquiv></Glyph>
	<Glyph id="c1392">
	<Coords points="2372,3655 2407,3655 2407,3708 2372,3708"/>
	<TextEquiv>
	<Unicode>q</Unicode></TextEquiv></Glyph>
	<Glyph id="c1393">
	<Coords points="2412,3655 2450,3655 2450,3696 2412,3696"/>
	<TextEquiv>
	<Unicode>u</Unicode></TextEquiv></Glyph>
	<Glyph id="c1394">
	<Coords points="2454,3654 2483,3654 2483,3694 2454,3694"/>
	<TextEquiv>
	<Unicode>e</Unicode></TextEquiv></Glyph>
	<Glyph id="c1395">
	<Coords points="2490,3656 2524,3656 2524,3695 2490,3695"/>
	<TextEquiv>
	<Unicode>n</Unicode></TextEquiv></Glyph>
	<Glyph id="c1396">
	<Coords points="2527,3642 2549,3642 2549,3696 2527,3696"/>
	<TextEquiv>
	<Unicode>t</Unicode></TextEquiv></Glyph>
	<TextEquiv>
	<Unicode>consequent</Unicode></TextEquiv></Word>
	<Word id="w1397">
	<Coords points="2572,3638 2645,3638 2645,3693 2606,3693 2606,3696 2572,3696"/>
	<Glyph id="c1398">
	<Coords points="2572,3638 2606,3638 2606,3696 2572,3696"/>
	<TextEquiv>
	<Unicode>5</Unicode></TextEquiv></Glyph>
	<Glyph id="c1399">
	<Coords points="2609,3638 2645,3638 2645,3693 2609,3693"/>
	<TextEquiv>
	<Unicode>5</Unicode></TextEquiv></Glyph>
	<TextEquiv>
	<Unicode>55</Unicode></TextEquiv></Word>
	<Word id="w1400">
	<Coords points="2672,3656 2710,3656 2710,3678 2730,3678 2730,3695 2710,3695 2710,3708 2672,3708"/>
	<Glyph id="c1401">
	<Coords points="2672,3656 2710,3656 2710,3708 2672,3708"/>
	<TextEquiv>
	<Unicode>p</Unicode></TextEquiv></Glyph>
	<Glyph id="c1402">
	<Coords points="2716,3678 2730,3678 2730,3695 2716,3695"/>
	<TextEquiv>
	<Unicode>.</Unicode></TextEquiv></Glyph>
	<TextEquiv>
	<Unicode>p.</Unicode></TextEquiv></Word>
	<Word id="w1403">
	<Coords points="2781,3633 2802,3633 2802,3681 2820,3681 2820,3702 2781,3702 2781,3665 2761,3665 2761,3646 2781,3646"/>
	<Glyph id="c1404">
	<Coords points="2761,3646 2781,3646 2781,3665 2761,3665"/>
	<TextEquiv>
	<Unicode>°</Unicode></TextEquiv></Glyph>
	<Glyph id="c1405">
	<Coords points="2781,3633 2802,3633 2802,3702 2781,3702"/>
	<TextEquiv>
	<Unicode>l</Unicode></TextEquiv></Glyph>
	<Glyph id="c1406">
	<Coords points="2801,3681 2820,3681 2820,3702 2801,3702"/>
	<TextEquiv>
	<Unicode>o</Unicode></TextEquiv></Glyph>
	<TextEquiv>
	<Unicode>°lo</Unicode></TextEquiv></Word>
	<Word id="w1407">
	<Coords points="2846,3639 2883,3639 2883,3656 2916,3656 2916,3695 2887,3695 2887,3692 2846,3692"/>
	<Glyph id="c1408">
	<Coords points="2846,3639 2883,3639 2883,3692 2846,3692"/>
	<TextEquiv>
	<Unicode>d</Unicode></TextEquiv></Glyph>
	<Glyph id="c1409">
	<Coords points="2887,3656 2916,3656 2916,3695 2887,3695"/>
	<TextEquiv>
	<Unicode>e</Unicode></TextEquiv></Glyph>
	<TextEquiv>
	<Unicode>de</Unicode></TextEquiv></Word>
	<TextEquiv>
	<Unicode>cela faisait 8 p. 0lo de plus, par consequent 55 p. °lo de</Unicode></TextEquiv></TextLine>
	<TextLine id="l1410">
	<Coords points="2506,3725 2509,3725 2509,3728 1349,3728 1349,3733 1803,3733 1803,3736 1434,3736 1434,3781 1412,3781 1412,3782 1349,3782 1349,3783 1206,3783 1206,3747 1239,3747 1239,3745 1334,3745 1334,3728 2506,3728"/>
	<Word id="w1411">
	<Coords points="1334,3728 1349,3728 1349,3744 1412,3744 1412,3768 1434,3768 1434,3781 1412,3781 1412,3782 1349,3782 1349,3783 1206,3783 1206,3747 1239,3747 1239,3745 1334,3745"/>
	<Glyph id="c1412">
	<Coords points="1206,3747 1235,3747 1235,3783 1206,3783"/>
	<TextEquiv>
	<Unicode>r</Unicode></TextEquiv></Glyph>
	<Glyph id="c1413">
	<Coords points="1239,3745 1270,3745 1270,3782 1239,3782"/>
	<TextEquiv>
	<Unicode>e</Unicode></TextEquiv></Glyph>
	<Glyph id="c1414">
	<Coords points="1275,3745 1330,3745 1330,3783 1275,3783"/>
	<TextEquiv>
	<Unicode>m</Unicode></TextEquiv></Glyph>
	<Glyph id="c1415">
	<Coords points="1334,3728 1349,3728 1349,3783 1334,3783"/>
	<TextEquiv>
	<Unicode>i</Unicode></TextEquiv></Glyph>
	<Glyph id="c1416">
	<Coords points="1354,3744 1380,3744 1380,3782 1354,3782"/>
	<TextEquiv>
	<Unicode>s</Unicode></TextEquiv></Glyph>
	<Glyph id="c1417">
	<Coords points="1383,3744 1412,3744 1412,3782 1383,3782"/>
	<TextEquiv>
	<Unicode>e</Unicode></TextEquiv></Glyph>
	<Glyph id="c1418">
	<Coords points="1420,3768 1434,3768 1434,3781 1420,3781"/>
	<TextEquiv>
	<Unicode>.</Unicode></TextEquiv></Glyph>
	<TextEquiv>
	<Unicode>remise.</Unicode></TextEquiv></Word>
	<Word id="w1419">
	<Coords points="1800,3733 1803,3733 1803,3736 1800,3736"/>
	<Glyph id="c1420">
	<Coords points="1800,3733 1803,3733 1803,3736 1800,3736"/>
	<TextEquiv>
	<Unicode>‘</Unicode></TextEquiv></Glyph>
	<TextEquiv>
	<Unicode>‘</Unicode></TextEquiv></Word>
	<Word id="w1421">
	<Coords points="2506,3725 2509,3725 2509,3728 2506,3728"/>
	<Glyph id="c1422">
	<Coords points="2506,3725 2509,3725 2509,3728 2506,3728"/>
	<TextEquiv>
	<Unicode>'</Unicode></TextEquiv></Glyph>
	<TextEquiv>
	<Unicode>'</Unicode></TextEquiv></Word>
	<TextEquiv>
	<Unicode>remise. ‘ '</Unicode></TextEquiv></TextLine>
	<TextEquiv>
	<Unicode>A cette époque la question du l5° exemplaire fut misc
3: l’ordre dn jour, les éditeurs s’apercurent é peine que
cela faisait 8 p. 0lo de plus, par consequent 55 p. °lo de
remise. ‘ '</Unicode></TextEquiv></TextRegion>
	<TextRegion id="r1423" type="paragraph">
	<Coords points="1908,3812 1940,3812 1940,3817 2088,3817 2088,3833 2214,3833 2214,3818 2236,3818 2236,3832 2390,3832 2390,3820 2500,3820 2500,3817 2571,3817 2571,3818 2696,3818 2696,3816 2726,3816 2726,3832 2911,3832 2911,3870 2905,3870 2905,4027 2915,4027 2915,4037 2899,4037 2899,4051 2879,4051 2879,4056 2841,4056 2841,4054 2698,4054 2698,4067 2661,4067 2661,4055 2591,4055 2591,4054 2316,4054 2316,4056 2284,4056 2284,4068 2206,4068 2206,4055 2137,4055 2137,4054 1998,4054 1998,4053 1842,4053 1842,4068 1827,4068 1827,4053 1739,4053 1739,4051 1630,4051 1630,4052 1596,4052 1596,4053 1481,4053 1481,4054 1394,4054 1394,4068 1378,4068 1378,4052 1237,4052 1237,4068 1203,4068 1203,3910 1278,3910 1278,3820 1321,3820 1321,3822 1398,3822 1398,3833 1525,3833 1525,3818 1564,3818 1564,3817 1581,3817 1581,3834 1714,3834 1714,3833 1747,3833 1747,3817 1762,3817 1762,3832 1908,3832"/>
	<TextLine id="l1424">
	<Coords points="1908,3812 1940,3812 1940,3817 2088,3817 2088,3833 2214,3833 2214,3818 2236,3818 2236,3832 2390,3832 2390,3820 2500,3820 2500,3817 2571,3817 2571,3818 2696,3818 2696,3816 2726,3816 2726,3832 2911,3832 2911,3870 2835,3870 2835,3887 2655,3887 2655,3876 2527,3876 2527,3878 2500,3878 2500,3871 2386,3871 2386,3874 2345,3874 2345,3886 2214,3886 2214,3874 2049,3874 2049,3872 1940,3872 1940,3873 1870,3873 1870,3872 1509,3872 1509,3873 1468,3873 1468,3874 1431,3874 1431,3873 1321,3873 1321,3874 1278,3874 1278,3820 1321,3820 1321,3822 1398,3822 1398,3833 1525,3833 1525,3818 1564,3818 1564,3817 1581,3817 1581,3834 1714,3834 1714,3833 1747,3833 1747,3817 1762,3817 1762,3832 1908,3832"/>
	<Word id="w1425">
	<Coords points="1278,3820 1321,3820 1321,3837 1354,3837 1354,3873 1321,3873 1321,3874 1278,3874"/>
	<Glyph id="c1426">
	<Coords points="1278,3820 1321,3820 1321,3874 1278,3874"/>
	<TextEquiv>
	<Unicode>C</Unicode></TextEquiv></Glyph>
	<Glyph id="c1427">
	<Coords points="1322,3837 1354,3837 1354,3873 1322,3873"/>
	<TextEquiv>
	<Unicode>e</Unicode></TextEquiv></Glyph>
	<TextEquiv>
	<Unicode>Ce</Unicode></TextEquiv></Word>
	<Word id="w1428">
	<Coords points="1373,3822 1398,3822 1398,3833 1429,3833 1429,3835 1509,3835 1509,3873 1468,3873 1468,3874 1431,3874 1431,3873 1373,3873"/>
	<Glyph id="c1429">
	<Coords points="1373,3822 1398,3822 1398,3873 1373,3873"/>
	<TextEquiv>
	<Unicode>t</Unicode></TextEquiv></Glyph>
	<Glyph id="c1430">
	<Coords points="1396,3833 1429,3833 1429,3873 1396,3873"/>
	<TextEquiv>
	<Unicode>a</Unicode></TextEquiv></Glyph>
	<Glyph id="c1431">
	<Coords points="1431,3835 1468,3835 1468,3874 1431,3874"/>
	<TextEquiv>
	<Unicode>u</Unicode></TextEquiv></Glyph>
	<Glyph id="c1432">
	<Coords points="1471,3835 1509,3835 1509,3873 1471,3873"/>
	<TextEquiv>
	<Unicode>:</Unicode></TextEquiv></Glyph>
	<TextEquiv>
	<Unicode>tau:</Unicode></TextEquiv></Word>
	<Word id="w1433">
	<Coords points="1564,3817 1581,3817 1581,3834 1656,3834 1656,3872 1525,3872 1525,3818 1564,3818"/>
	<Glyph id="c1434">
	<Coords points="1525,3818 1564,3818 1564,3872 1525,3872"/>
	<TextEquiv>
	<Unicode>b</Unicode></TextEquiv></Glyph>
	<Glyph id="c1435">
	<Coords points="1564,3817 1581,3817 1581,3872 1564,3872"/>
	<TextEquiv>
	<Unicode>i</Unicode></TextEquiv></Glyph>
	<Glyph id="c1436">
	<Coords points="1585,3834 1615,3834 1615,3871 1585,3871"/>
	<TextEquiv>
	<Unicode>e</Unicode></TextEquiv></Glyph>
	<Glyph id="c1437">
	<Coords points="1619,3834 1656,3834 1656,3872 1619,3872"/>
	<TextEquiv>
	<Unicode>n</Unicode></TextEquiv></Glyph>
	<TextEquiv>
	<Unicode>bien</Unicode></TextEquiv></Word>
	<Word id="w1438">
	<Coords points="1908,3812 1940,3812 1940,3817 1979,3817 1979,3818 1996,3818 1996,3832 2030,3832 2030,3871 1996,3871 1996,3872 1940,3872 1940,3873 1870,3873 1870,3872 1684,3872 1684,3834 1714,3834 1714,3833 1747,3833 1747,3817 1762,3817 1762,3832 1908,3832"/>
	<Glyph id="c1439">
	<Coords points="1684,3834 1712,3834 1712,3872 1684,3872"/>
	<TextEquiv>
	<Unicode>r</Unicode></TextEquiv></Glyph>
	<Glyph id="c1440">
	<Coords points="1714,3833 1746,3833 1746,3871 1714,3871"/>
	<TextEquiv>
	<Unicode>a</Unicode></TextEquiv></Glyph>
	<Glyph id="c1441">
	<Coords points="1747,3817 1762,3817 1762,3871 1747,3871"/>
	<TextEquiv>
	<Unicode>i</Unicode></TextEquiv></Glyph>
	<Glyph id="c1442">
	<Coords points="1766,3832 1798,3832 1798,3872 1766,3872"/>
	<TextEquiv>
	<Unicode>s</Unicode></TextEquiv></Glyph>
	<Glyph id="c1443">
	<Coords points="1792,3832 1825,3832 1825,3872 1792,3872"/>
	<TextEquiv>
	<Unicode>o</Unicode></TextEquiv></Glyph>
	<Glyph id="c1444">
	<Coords points="1830,3833 1865,3833 1865,3872 1830,3872"/>
	<TextEquiv>
	<Unicode>n</Unicode></TextEquiv></Glyph>
	<Glyph id="c1445">
	<Coords points="1870,3832 1904,3832 1904,3873 1870,3873"/>
	<TextEquiv>
	<Unicode>n</Unicode></TextEquiv></Glyph>
	<Glyph id="c1446">
	<Coords points="1908,3812 1940,3812 1940,3873 1908,3873"/>
	<TextEquiv>
	<Unicode>a</Unicode></TextEquiv></Glyph>
	<Glyph id="c1447">
	<Coords points="1942,3817 1979,3817 1979,3872 1942,3872"/>
	<TextEquiv>
	<Unicode>b</Unicode></TextEquiv></Glyph>
	<Glyph id="c1448">
	<Coords points="1976,3818 1996,3818 1996,3872 1976,3872"/>
	<TextEquiv>
	<Unicode>l</Unicode></TextEquiv></Glyph>
	<Glyph id="c1449">
	<Coords points="1999,3832 2030,3832 2030,3871 1999,3871"/>
	<TextEquiv>
	<Unicode>e</Unicode></TextEquiv></Glyph>
	<TextEquiv>
	<Unicode>raisonnable</Unicode></TextEquiv></Word>
	<Word id="w1450">
	<Coords points="2049,3817 2088,3817 2088,3833 2192,3833 2192,3874 2049,3874"/>
	<Glyph id="c1451">
	<Coords points="2049,3817 2088,3817 2088,3874 2049,3874"/>
	<TextEquiv>
	<Unicode>d</Unicode></TextEquiv></Glyph>
	<Glyph id="c1452">
	<Coords points="2093,3834 2128,3834 2128,3874 2093,3874"/>
	<TextEquiv>
	<Unicode>u</Unicode></TextEquiv></Glyph>
	<Glyph id="c1453">
	<Coords points="2133,3833 2163,3833 2163,3874 2133,3874"/>
	<TextEquiv>
	<Unicode>r</Unicode></TextEquiv></Glyph>
	<Glyph id="c1454">
	<Coords points="2159,3833 2192,3833 2192,3874 2159,3874"/>
	<TextEquiv>
	<Unicode>a</Unicode></TextEquiv></Glyph>
	<TextEquiv>
	<Unicode>dura</Unicode></TextEquiv></Word>
	<Word id="w1455">
	<Coords points="2214,3818 2236,3818 2236,3832 2390,3832 2390,3820 2402,3820 2402,3832 2435,3832 2435,3833 2474,3833 2474,3871 2386,3871 2386,3874 2345,3874 2345,3886 2214,3886"/>
	<Glyph id="c1456">
	<Coords points="2214,3818 2236,3818 2236,3886 2214,3886"/>
	<TextEquiv>
	<Unicode>j</Unicode></TextEquiv></Glyph>
	<Glyph id="c1457">
	<Coords points="2242,3833 2281,3833 2281,3871 2242,3871"/>
	<TextEquiv>
	<Unicode>u</Unicode></TextEquiv></Glyph>
	<Glyph id="c1458">
	<Coords points="2283,3832 2311,3832 2311,3872 2283,3872"/>
	<TextEquiv>
	<Unicode>s</Unicode></TextEquiv></Glyph>
	<Glyph id="c1459">
	<Coords points="2308,3832 2345,3832 2345,3886 2308,3886"/>
	<TextEquiv>
	<Unicode>q</Unicode></TextEquiv></Glyph>
	<Glyph id="c1460">
	<Coords points="2349,3833 2386,3833 2386,3874 2349,3874"/>
	<TextEquiv>
	<Unicode>u</Unicode></TextEquiv></Glyph>
	<Glyph id="c1461">
	<Coords points="2390,3820 2402,3820 2402,3838 2390,3838"/>
	<TextEquiv>
	<Unicode>’</Unicode></TextEquiv></Glyph>
	<Glyph id="c1462">
	<Coords points="2405,3832 2435,3832 2435,3870 2405,3870"/>
	<TextEquiv>
	<Unicode>e</Unicode></TextEquiv></Glyph>
	<Glyph id="c1463">
	<Coords points="2437,3833 2474,3833 2474,3871 2437,3871"/>
	<TextEquiv>
	<Unicode>n</Unicode></TextEquiv></Glyph>
	<TextEquiv>
	<Unicode>jusqu’en</Unicode></TextEquiv></Word>
	<Word id="w1464">
	<Coords points="2500,3817 2571,3817 2571,3818 2645,3818 2645,3858 2670,3858 2670,3887 2655,3887 2655,3876 2527,3876 2527,3878 2500,3878"/>
	<Glyph id="c1465">
	<Coords points="2500,3817 2527,3817 2527,3878 2500,3878"/>
	<TextEquiv>
	<Unicode>4</Unicode></TextEquiv></Glyph>
	<Glyph id="c1466">
	<Coords points="2537,3817 2571,3817 2571,3876 2537,3876"/>
	<TextEquiv>
	<Unicode>8</Unicode></TextEquiv></Glyph>
	<Glyph id="c1467">
	<Coords points="2577,3818 2603,3818 2603,3872 2577,3872"/>
	<TextEquiv>
	<Unicode>4</Unicode></TextEquiv></Glyph>
	<Glyph id="c1468">
	<Coords points="2612,3818 2645,3818 2645,3870 2612,3870"/>
	<TextEquiv>
	<Unicode>5</Unicode></TextEquiv></Glyph>
	<Glyph id="c1469">
	<Coords points="2655,3858 2670,3858 2670,3887 2655,3887"/>
	<TextEquiv>
	<Unicode>,</Unicode></TextEquiv></Glyph>
	<TextEquiv>
	<Unicode>4845,</Unicode></TextEquiv></Word>
	<Word id="w1470">
	<Coords points="2696,3816 2726,3816 2726,3832 2911,3832 2911,3870 2835,3870 2835,3887 2728,3887 2728,3871 2696,3871"/>
	<Glyph id="c1471">
	<Coords points="2696,3816 2726,3816 2726,3871 2696,3871"/>
	<TextEquiv>
	<Unicode>é</Unicode></TextEquiv></Glyph>
	<Glyph id="c1472">
	<Coords points="2728,3832 2765,3832 2765,3887 2728,3887"/>
	<TextEquiv>
	<Unicode>p</Unicode></TextEquiv></Glyph>
	<Glyph id="c1473">
	<Coords points="2763,3832 2800,3832 2800,3871 2763,3871"/>
	<TextEquiv>
	<Unicode>o</Unicode></TextEquiv></Glyph>
	<Glyph id="c1474">
	<Coords points="2794,3832 2835,3832 2835,3887 2794,3887"/>
	<TextEquiv>
	<Unicode>q</Unicode></TextEquiv></Glyph>
	<Glyph id="c1475">
	<Coords points="2840,3833 2878,3833 2878,3870 2840,3870"/>
	<TextEquiv>
	<Unicode>u</Unicode></TextEquiv></Glyph>
	<Glyph id="c1476">
	<Coords points="2882,3832 2911,3832 2911,3870 2882,3870"/>
	<TextEquiv>
	<Unicode>e</Unicode></TextEquiv></Glyph>
	<TextEquiv>
	<Unicode>époque</Unicode></TextEquiv></Word>
	<TextEquiv>
	<Unicode>Ce tau: bien raisonnable dura jusqu’en 4845, époque</Unicode></TextEquiv></TextLine>
	<TextLine id="l1477">
	<Coords points="1492,3907 1517,3907 1517,3908 1590,3908 1590,3922 1729,3922 1729,3907 1744,3907 1744,3910 1771,3910 1771,3923 1984,3923 1984,3908 2028,3908 2028,3907 2042,3907 2042,3908 2120,3908 2120,3909 2334,3909 2334,3907 2405,3907 2405,3908 2422,3908 2422,3912 2452,3912 2452,3923 2481,3923 2481,3924 2644,3924 2644,3911 2741,3911 2741,3907 2753,3907 2753,3909 2830,3909 2830,3924 2905,3924 2905,3962 2862,3962 2862,3967 2830,3967 2830,3966 2729,3966 2729,3964 2689,3964 2689,3962 2582,3962 2582,3964 2521,3964 2521,3966 2485,3966 2485,3965 2334,3965 2334,3963 2083,3963 2083,3977 2047,3977 2047,3963 1885,3963 1885,3962 1771,3962 1771,3963 1748,3963 1748,3960 1623,3960 1623,3962 1531,3962 1531,3963 1425,3963 1425,3966 1335,3966 1335,3978 1299,3978 1299,3963 1203,3963 1203,3910 1240,3910 1240,3925 1370,3925 1370,3908 1385,3908 1385,3924 1492,3924"/>
	<Word id="w1478">
	<Coords points="1203,3910 1240,3910 1240,3925 1272,3925 1272,3955 1282,3955 1282,3960 1272,3960 1272,3963 1203,3963"/>
	<Glyph id="c1479">
	<Coords points="1203,3910 1240,3910 1240,3963 1203,3963"/>
	<TextEquiv>
	<Unicode>d</Unicode></TextEquiv></Glyph>
	<Glyph id="c1480">
	<Coords points="1242,3925 1272,3925 1272,3963 1242,3963"/>
	<TextEquiv>
	<Unicode>e</Unicode></TextEquiv></Glyph>
	<Glyph id="c1481">
	<Coords points="1277,3955 1282,3955 1282,3960 1277,3960"/>
	<TextEquiv>
	<Unicode>.</Unicode></TextEquiv></Glyph>
	<TextEquiv>
	<Unicode>de.</Unicode></TextEquiv></Word>
	<Word id="w1482">
	<Coords points="1370,3908 1385,3908 1385,3925 1425,3925 1425,3966 1335,3966 1335,3978 1299,3978 1299,3926 1370,3926"/>
	<Glyph id="c1483">
	<Coords points="1299,3926 1335,3926 1335,3978 1299,3978"/>
	<TextEquiv>
	<Unicode>p</Unicode></TextEquiv></Glyph>
	<Glyph id="c1484">
	<Coords points="1333,3926 1367,3926 1367,3964 1333,3964"/>
	<TextEquiv>
	<Unicode>a</Unicode></TextEquiv></Glyph>
	<Glyph id="c1485">
	<Coords points="1370,3908 1385,3908 1385,3962 1370,3962"/>
	<TextEquiv>
	<Unicode>i</Unicode></TextEquiv></Glyph>
	<Glyph id="c1486">
	<Coords points="1389,3925 1425,3925 1425,3966 1389,3966"/>
	<TextEquiv>
	<Unicode>x</Unicode></TextEquiv></Glyph>
	<TextEquiv>
	<Unicode>paix</Unicode></TextEquiv></Word>
	<Word id="w1487">
	<Coords points="1492,3907 1517,3907 1517,3923 1531,3923 1531,3963 1492,3963 1492,3962 1458,3962 1458,3924 1492,3924"/>
	<Glyph id="c1488">
	<Coords points="1458,3924 1491,3924 1491,3962 1458,3962"/>
	<TextEquiv>
	<Unicode>o</Unicode></TextEquiv></Glyph>
	<Glyph id="c1489">
	<Coords points="1492,3907 1517,3907 1517,3963 1492,3963"/>
	<TextEquiv>
	<Unicode>i</Unicode></TextEquiv></Glyph>
	<Glyph id="c1490">
	<Coords points="1508,3923 1531,3923 1531,3963 1508,3963"/>
	<TextEquiv>
	<Unicode>l</Unicode></TextEquiv></Glyph>
	<TextEquiv>
	<Unicode>oil</Unicode></TextEquiv></Word>
	<Word id="w1491">
	<Coords points="1579,3908 1590,3908 1590,3923 1662,3923 1662,3960 1623,3960 1623,3962 1590,3962 1590,3961 1558,3961 1558,3909 1579,3909"/>
	<Glyph id="c1492">
	<Coords points="1558,3909 1575,3909 1575,3961 1558,3961"/>
	<TextEquiv>
	<Unicode>l</Unicode></TextEquiv></Glyph>
	<Glyph id="c1493">
	<Coords points="1579,3908 1590,3908 1590,3925 1579,3925"/>
	<TextEquiv>
	<Unicode>'</Unicode></TextEquiv></Glyph>
	<Glyph id="c1494">
	<Coords points="1590,3923 1623,3923 1623,3962 1590,3962"/>
	<TextEquiv>
	<Unicode>o</Unicode></TextEquiv></Glyph>
	<Glyph id="c1495">
	<Coords points="1627,3923 1662,3923 1662,3960 1627,3960"/>
	<TextEquiv>
	<Unicode>n</Unicode></TextEquiv></Glyph>
	<TextEquiv>
	<Unicode>l'on</Unicode></TextEquiv></Word>
	<Word id="w1496">
	<Coords points="1729,3907 1744,3907 1744,3910 1771,3910 1771,3963 1748,3963 1748,3960 1690,3960 1690,3922 1729,3922"/>
	<Glyph id="c1497">
	<Coords points="1690,3922 1725,3922 1725,3960 1690,3960"/>
	<TextEquiv>
	<Unicode>v</Unicode></TextEquiv></Glyph>
	<Glyph id="c1498">
	<Coords points="1729,3907 1744,3907 1744,3960 1729,3960"/>
	<TextEquiv>
	<Unicode>i</Unicode></TextEquiv></Glyph>
	<Glyph id="c1499">
	<Coords points="1748,3910 1771,3910 1771,3963 1748,3963"/>
	<TextEquiv>
	<Unicode>t</Unicode></TextEquiv></Glyph>
	<TextEquiv>
	<Unicode>vit</Unicode></TextEquiv></Word>
	<Word id="w1500">
	<Coords points="1795,3923 1855,3923 1855,3962 1795,3962"/>
	<Glyph id="c1501">
	<Coords points="1795,3923 1822,3923 1822,3962 1795,3962"/>
	<TextEquiv>
	<Unicode>s</Unicode></TextEquiv></Glyph>
	<Glyph id="c1502">
	<Coords points="1825,3923 1855,3923 1855,3962 1825,3962"/>
	<TextEquiv>
	<Unicode>e</Unicode></TextEquiv></Glyph>
	<TextEquiv>
	<Unicode>se</Unicode></TextEquiv></Word>
	<Word id="w1503">
	<Coords points="2028,3907 2042,3907 2042,3908 2120,3908 2120,3924 2188,3924 2188,3963 2083,3963 2083,3977 2047,3977 2047,3963 1885,3963 1885,3923 1984,3923 1984,3908 2028,3908"/>
	<Glyph id="c1504">
	<Coords points="1885,3923 1936,3923 1936,3963 1885,3963"/>
	<TextEquiv>
	<Unicode>m</Unicode></TextEquiv></Glyph>
	<Glyph id="c1505">
	<Coords points="1942,3924 1981,3924 1981,3963 1942,3963"/>
	<TextEquiv>
	<Unicode>u</Unicode></TextEquiv></Glyph>
	<Glyph id="c1506">
	<Coords points="1984,3908 1999,3908 1999,3960 1984,3960"/>
	<TextEquiv>
	<Unicode>l</Unicode></TextEquiv></Glyph>
	<Glyph id="c1507">
	<Coords points="2002,3910 2025,3910 2025,3961 2002,3961"/>
	<TextEquiv>
	<Unicode>t</Unicode></TextEquiv></Glyph>
	<Glyph id="c1508">
	<Coords points="2028,3907 2042,3907 2042,3959 2028,3959"/>
	<TextEquiv>
	<Unicode>i</Unicode></TextEquiv></Glyph>
	<Glyph id="c1509">
	<Coords points="2047,3924 2083,3924 2083,3977 2047,3977"/>
	<TextEquiv>
	<Unicode>p</Unicode></TextEquiv></Glyph>
	<Glyph id="c1510">
	<Coords points="2085,3909 2100,3909 2100,3963 2085,3963"/>
	<TextEquiv>
	<Unicode>l</Unicode></TextEquiv></Glyph>
	<Glyph id="c1511">
	<Coords points="2104,3908 2120,3908 2120,3963 2104,3963"/>
	<TextEquiv>
	<Unicode>i</Unicode></TextEquiv></Glyph>
	<Glyph id="c1512">
	<Coords points="2125,3924 2155,3924 2155,3962 2125,3962"/>
	<TextEquiv>
	<Unicode>e</Unicode></TextEquiv></Glyph>
	<Glyph id="c1513">
	<Coords points="2159,3924 2188,3924 2188,3963 2159,3963"/>
	<TextEquiv>
	<Unicode>r</Unicode></TextEquiv></Glyph>
	<TextEquiv>
	<Unicode>multiplier</Unicode></TextEquiv></Word>
	<Word id="w1514">
	<Coords points="2221,3909 2238,3909 2238,3924 2300,3924 2300,3963 2239,3963 2239,3961 2221,3961"/>
	<Glyph id="c1515">
	<Coords points="2221,3909 2238,3909 2238,3961 2221,3961"/>
	<TextEquiv>
	<Unicode>l</Unicode></TextEquiv></Glyph>
	<Glyph id="c1516">
	<Coords points="2239,3924 2274,3924 2274,3963 2239,3963"/>
	<TextEquiv>
	<Unicode>e</Unicode></TextEquiv></Glyph>
	<Glyph id="c1517">
	<Coords points="2269,3924 2300,3924 2300,3963 2269,3963"/>
	<TextEquiv>
	<Unicode>s</Unicode></TextEquiv></Glyph>
	<TextEquiv>
	<Unicode>les</Unicode></TextEquiv></Word>
	<Word id="w1518">
	<Coords points="2334,3907 2405,3907 2405,3908 2422,3908 2422,3912 2452,3912 2452,3923 2481,3923 2481,3924 2582,3924 2582,3964 2521,3964 2521,3966 2485,3966 2485,3965 2334,3965"/>
	<Glyph id="c1519">
	<Coords points="2334,3907 2367,3907 2367,3965 2334,3965"/>
	<TextEquiv>
	<Unicode>é</Unicode></TextEquiv></Glyph>
	<Glyph id="c1520">
	<Coords points="2364,3907 2405,3907 2405,3965 2364,3965"/>
	<TextEquiv>
	<Unicode>d</Unicode></TextEquiv></Glyph>
	<Glyph id="c1521">
	<Coords points="2407,3908 2422,3908 2422,3961 2407,3961"/>
	<TextEquiv>
	<Unicode>i</Unicode></TextEquiv></Glyph>
	<Glyph id="c1522">
	<Coords points="2429,3912 2452,3912 2452,3962 2429,3962"/>
	<TextEquiv>
	<Unicode>t</Unicode></TextEquiv></Glyph>
	<Glyph id="c1523">
	<Coords points="2450,3923 2481,3923 2481,3962 2450,3962"/>
	<TextEquiv>
	<Unicode>e</Unicode></TextEquiv></Glyph>
	<Glyph id="c1524">
	<Coords points="2485,3925 2521,3925 2521,3966 2485,3966"/>
	<TextEquiv>
	<Unicode>u</Unicode></TextEquiv></Glyph>
	<Glyph id="c1525">
	<Coords points="2527,3924 2558,3924 2558,3961 2527,3961"/>
	<TextEquiv>
	<Unicode>r</Unicode></TextEquiv></Glyph>
	<Glyph id="c1526">
	<Coords points="2553,3924 2582,3924 2582,3964 2553,3964"/>
	<TextEquiv>
	<Unicode>s</Unicode></TextEquiv></Glyph>
	<TextEquiv>
	<Unicode>éditeurs</Unicode></TextEquiv></Word>
	<Word id="w1527">
	<Coords points="2644,3911 2666,3911 2666,3962 2610,3962 2610,3925 2644,3925"/>
	<Glyph id="c1528">
	<Coords points="2610,3925 2641,3925 2641,3962 2610,3962"/>
	<TextEquiv>
	<Unicode>e</Unicode></TextEquiv></Glyph>
	<Glyph id="c1529">
	<Coords points="2644,3911 2666,3911 2666,3962 2644,3962"/>
	<TextEquiv>
	<Unicode>t</Unicode></TextEquiv></Glyph>
	<TextEquiv>
	<Unicode>et</Unicode></TextEquiv></Word>
	<Word id="w1530">
	<Coords points="2741,3907 2753,3907 2753,3924 2767,3924 2767,3966 2729,3966 2729,3964 2689,3964 2689,3924 2741,3924"/>
	<Glyph id="c1531">
	<Coords points="2689,3924 2725,3924 2725,3964 2689,3964"/>
	<TextEquiv>
	<Unicode>0</Unicode></TextEquiv></Glyph>
	<Glyph id="c1532">
	<Coords points="2729,3924 2752,3924 2752,3966 2729,3966"/>
	<TextEquiv>
	<Unicode>1</Unicode></TextEquiv></Glyph>
	<Glyph id="c1533">
	<Coords points="2741,3907 2753,3907 2753,3923 2741,3923"/>
	<TextEquiv>
	<Unicode>'</Unicode></TextEquiv></Glyph>
	<Glyph id="c1534">
	<Coords points="2746,3924 2767,3924 2767,3966 2746,3966"/>
	<TextEquiv>
	<Unicode>:</Unicode></TextEquiv></Glyph>
	<TextEquiv>
	<Unicode>01':</Unicode></TextEquiv></Word>
	<Word id="w1535">
	<Coords points="2797,3909 2830,3909 2830,3924 2905,3924 2905,3962 2862,3962 2862,3967 2830,3967 2830,3965 2797,3965"/>
	<Glyph id="c1536">
	<Coords points="2797,3909 2830,3909 2830,3965 2797,3965"/>
	<TextEquiv>
	<Unicode>Y</Unicode></TextEquiv></Glyph>
	<Glyph id="c1537">
	<Coords points="2830,3924 2862,3924 2862,3967 2830,3967"/>
	<TextEquiv>
	<Unicode>o</Unicode></TextEquiv></Glyph>
	<Glyph id="c1538">
	<Coords points="2868,3924 2905,3924 2905,3962 2868,3962"/>
	<TextEquiv>
	<Unicode>u</Unicode></TextEquiv></Glyph>
	<TextEquiv>
	<Unicode>You</Unicode></TextEquiv></Word>
	<TextEquiv>
	<Unicode>de. paix oil l'on vit se multiplier les éditeurs et 01': You</Unicode></TextEquiv></TextLine>
	<TextLine id="l1539">
	<Coords points="2320,3994 2350,3994 2350,3998 2589,3998 2589,4014 2700,4014 2700,4013 2758,4013 2758,4014 2882,4014 2882,4000 2899,4000 2899,4027 2915,4027 2915,4037 2899,4037 2899,4051 2879,4051 2879,4056 2841,4056 2841,4054 2698,4054 2698,4067 2661,4067 2661,4055 2591,4055 2591,4054 2316,4054 2316,4056 2284,4056 2284,4068 2206,4068 2206,4055 2137,4055 2137,4054 1998,4054 1998,4053 1842,4053 1842,4068 1827,4068 1827,4053 1739,4053 1739,4051 1630,4051 1630,4052 1596,4052 1596,4053 1481,4053 1481,4054 1394,4054 1394,4068 1378,4068 1378,4052 1237,4052 1237,4068 1203,4068 1203,4013 1238,4013 1238,4000 1303,4000 1303,3999 1339,3999 1339,4014 1449,4014 1449,4013 1482,4013 1482,4012 1739,4012 1739,3997 1796,3997 1796,3998 1965,3998 1965,3997 2097,3997 2097,4013 2200,4013 2200,4014 2320,4014"/>
	<Word id="w1540">
	<Coords points="1303,3999 1339,3999 1339,4015 1371,4015 1371,4039 1394,4039 1394,4068 1378,4068 1378,4052 1237,4052 1237,4068 1203,4068 1203,4013 1238,4013 1238,4000 1303,4000"/>
	<Glyph id="c1541">
	<Coords points="1203,4013 1237,4013 1237,4068 1203,4068"/>
	<TextEquiv>
	<Unicode>g</Unicode></TextEquiv></Glyph>
	<Glyph id="c1542">
	<Coords points="1238,4000 1269,4000 1269,4052 1238,4052"/>
	<TextEquiv>
	<Unicode>é</Unicode></TextEquiv></Glyph>
	<Glyph id="c1543">
	<Coords points="1272,4014 1301,4014 1301,4051 1272,4051"/>
	<TextEquiv>
	<Unicode>c</Unicode></TextEquiv></Glyph>
	<Glyph id="c1544">
	<Coords points="1303,3999 1339,3999 1339,4051 1303,4051"/>
	<TextEquiv>
	<Unicode>h</Unicode></TextEquiv></Glyph>
	<Glyph id="c1545">
	<Coords points="1340,4015 1371,4015 1371,4052 1340,4052"/>
	<TextEquiv>
	<Unicode>a</Unicode></TextEquiv></Glyph>
	<Glyph id="c1546">
	<Coords points="1378,4039 1394,4039 1394,4068 1378,4068"/>
	<TextEquiv>
	<Unicode>,</Unicode></TextEquiv></Glyph>
	<TextEquiv>
	<Unicode>gécha,</Unicode></TextEquiv></Word>
	<Word id="w1547">
	<Coords points="1482,4012 1596,4012 1596,4013 1630,4013 1630,4052 1596,4052 1596,4053 1481,4053 1481,4054 1449,4054 1449,4053 1417,4053 1417,4014 1449,4014 1449,4013 1482,4013"/>
	<Glyph id="c1548">
	<Coords points="1417,4014 1447,4014 1447,4053 1417,4053"/>
	<TextEquiv>
	<Unicode>c</Unicode></TextEquiv></Glyph>
	<Glyph id="c1549">
	<Coords points="1449,4013 1481,4013 1481,4054 1449,4054"/>
	<TextEquiv>
	<Unicode>o</Unicode></TextEquiv></Glyph>
	<Glyph id="c1550">
	<Coords points="1482,4012 1596,4012 1596,4053 1482,4053"/>
	<TextEquiv>
	<Unicode>m</Unicode></TextEquiv></Glyph>
	<Glyph id="c1551">
	<Coords points="1599,4013 1630,4013 1630,4052 1599,4052"/>
	<TextEquiv>
	<Unicode>e</Unicode></TextEquiv></Glyph>
	<TextEquiv>
	<Unicode>come</Unicode></TextEquiv></Word>
	<Word id="w1552">
	<Coords points="1646,4012 1683,4012 1683,4013 1720,4013 1720,4050 1683,4050 1683,4051 1646,4051"/>
	<Glyph id="c1553">
	<Coords points="1646,4012 1683,4012 1683,4051 1646,4051"/>
	<TextEquiv>
	<Unicode>o</Unicode></TextEquiv></Glyph>
	<Glyph id="c1554">
	<Coords points="1682,4013 1720,4013 1720,4050 1682,4050"/>
	<TextEquiv>
	<Unicode>n</Unicode></TextEquiv></Glyph>
	<TextEquiv>
	<Unicode>on</Unicode></TextEquiv></Word>
	<Word id="w1555">
	<Coords points="1739,3997 1796,3997 1796,4000 1821,4000 1821,4037 1842,4037 1842,4068 1827,4068 1827,4053 1739,4053"/>
	<Glyph id="c1556">
	<Coords points="1739,3997 1777,3997 1777,4053 1739,4053"/>
	<TextEquiv>
	<Unicode>d</Unicode></TextEquiv></Glyph>
	<Glyph id="c1557">
	<Coords points="1781,3997 1796,3997 1796,4053 1781,4053"/>
	<TextEquiv>
	<Unicode>i</Unicode></TextEquiv></Glyph>
	<Glyph id="c1558">
	<Coords points="1801,4000 1821,4000 1821,4051 1801,4051"/>
	<TextEquiv>
	<Unicode>t</Unicode></TextEquiv></Glyph>
	<Glyph id="c1559">
	<Coords points="1827,4037 1842,4037 1842,4068 1827,4068"/>
	<TextEquiv>
	<Unicode>,</Unicode></TextEquiv></Glyph>
	<TextEquiv>
	<Unicode>dit,</Unicode></TextEquiv></Word>
	<Word id="w1560">
	<Coords points="1868,3998 1883,3998 1883,4013 1945,4013 1945,4053 1868,4053"/>
	<Glyph id="c1561">
	<Coords points="1868,3998 1883,3998 1883,4053 1868,4053"/>
	<TextEquiv>
	<Unicode>l</Unicode></TextEquiv></Glyph>
	<Glyph id="c1562">
	<Coords points="1889,4013 1919,4013 1919,4053 1889,4053"/>
	<TextEquiv>
	<Unicode>e</Unicode></TextEquiv></Glyph>
	<Glyph id="c1563">
	<Coords points="1915,4013 1945,4013 1945,4053 1915,4053"/>
	<TextEquiv>
	<Unicode>s</Unicode></TextEquiv></Glyph>
	<TextEquiv>
	<Unicode>les</Unicode></TextEquiv></Word>
	<Word id="w1564">
	<Coords points="1965,3997 2097,3997 2097,4013 2200,4013 2200,4038 2221,4038 2221,4068 2206,4068 2206,4055 2137,4055 2137,4054 1998,4054 1998,4051 1965,4051"/>
	<Glyph id="c1565">
	<Coords points="1965,3997 1995,3997 1995,4051 1965,4051"/>
	<TextEquiv>
	<Unicode>e</Unicode></TextEquiv></Glyph>
	<Glyph id="c1566">
	<Coords points="1998,3997 2034,3997 2034,4054 1998,4054"/>
	<TextEquiv>
	<Unicode>d</Unicode></TextEquiv></Glyph>
	<Glyph id="c1567">
	<Coords points="2037,3997 2051,3997 2051,4053 2037,4053"/>
	<TextEquiv>
	<Unicode>i</Unicode></TextEquiv></Glyph>
	<Glyph id="c1568">
	<Coords points="2057,4002 2079,4002 2079,4054 2057,4054"/>
	<TextEquiv>
	<Unicode>t</Unicode></TextEquiv></Glyph>
	<Glyph id="c1569">
	<Coords points="2081,3997 2097,3997 2097,4054 2081,4054"/>
	<TextEquiv>
	<Unicode>i</Unicode></TextEquiv></Glyph>
	<Glyph id="c1570">
	<Coords points="2099,4014 2133,4014 2133,4054 2099,4054"/>
	<TextEquiv>
	<Unicode>o</Unicode></TextEquiv></Glyph>
	<Glyph id="c1571">
	<Coords points="2137,4015 2172,4015 2172,4055 2137,4055"/>
	<TextEquiv>
	<Unicode>n</Unicode></TextEquiv></Glyph>
	<Glyph id="c1572">
	<Coords points="2176,4013 2200,4013 2200,4051 2176,4051"/>
	<TextEquiv>
	<Unicode>s</Unicode></TextEquiv></Glyph>
	<Glyph id="c1573">
	<Coords points="2206,4038 2221,4038 2221,4068 2206,4068"/>
	<TextEquiv>
	<Unicode>,</Unicode></TextEquiv></Glyph>
	<TextEquiv>
	<Unicode>editions,</Unicode></TextEquiv></Word>
	<Word id="w1574">
	<Coords points="2320,3994 2350,3994 2350,4051 2316,4051 2316,4056 2284,4056 2284,4068 2248,4068 2248,4015 2287,4015 2287,4014 2320,4014"/>
	<Glyph id="c1575">
	<Coords points="2248,4015 2284,4015 2284,4068 2248,4068"/>
	<TextEquiv>
	<Unicode>p</Unicode></TextEquiv></Glyph>
	<Glyph id="c1576">
	<Coords points="2287,4014 2316,4014 2316,4056 2287,4056"/>
	<TextEquiv>
	<Unicode>a</Unicode></TextEquiv></Glyph>
	<Glyph id="c1577">
	<Coords points="2320,3994 2350,3994 2350,4051 2320,4051"/>
	<TextEquiv>
	<Unicode>r</Unicode></TextEquiv></Glyph>
	<TextEquiv>
	<Unicode>par</Unicode></TextEquiv></Word>
	<Word id="w1578">
	<Coords points="2368,3998 2405,3998 2405,4013 2467,4013 2467,4053 2439,4053 2439,4054 2407,4054 2407,4051 2368,4051"/>
	<Glyph id="c1579">
	<Coords points="2368,3998 2405,3998 2405,4051 2368,4051"/>
	<TextEquiv>
	<Unicode>d</Unicode></TextEquiv></Glyph>
	<Glyph id="c1580">
	<Coords points="2407,4013 2439,4013 2439,4054 2407,4054"/>
	<TextEquiv>
	<Unicode>e</Unicode></TextEquiv></Glyph>
	<Glyph id="c1581">
	<Coords points="2439,4013 2467,4013 2467,4053 2439,4053"/>
	<TextEquiv>
	<Unicode>s</Unicode></TextEquiv></Glyph>
	<TextEquiv>
	<Unicode>des</Unicode></TextEquiv></Word>
	<Word id="w1582">
	<Coords points="2488,3998 2589,3998 2589,4014 2700,4014 2700,4013 2758,4013 2758,4053 2698,4053 2698,4067 2661,4067 2661,4055 2591,4055 2591,4054 2521,4054 2521,4053 2488,4053"/>
	<Glyph id="c1583">
	<Coords points="2488,3998 2518,3998 2518,4053 2488,4053"/>
	<TextEquiv>
	<Unicode>é</Unicode></TextEquiv></Glyph>
	<Glyph id="c1584">
	<Coords points="2521,4015 2550,4015 2550,4054 2521,4054"/>
	<TextEquiv>
	<Unicode>c</Unicode></TextEquiv></Glyph>
	<Glyph id="c1585">
	<Coords points="2554,3998 2589,3998 2589,4053 2554,4053"/>
	<TextEquiv>
	<Unicode>h</Unicode></TextEquiv></Glyph>
	<Glyph id="c1586">
	<Coords points="2591,4014 2621,4014 2621,4055 2591,4055"/>
	<TextEquiv>
	<Unicode>a</Unicode></TextEquiv></Glyph>
	<Glyph id="c1587">
	<Coords points="2625,4015 2660,4015 2660,4053 2625,4053"/>
	<TextEquiv>
	<Unicode>n</Unicode></TextEquiv></Glyph>
	<Glyph id="c1588">
	<Coords points="2661,4015 2698,4015 2698,4067 2661,4067"/>
	<TextEquiv>
	<Unicode>g</Unicode></TextEquiv></Glyph>
	<Glyph id="c1589">
	<Coords points="2700,4013 2732,4013 2732,4053 2700,4053"/>
	<TextEquiv>
	<Unicode>e</Unicode></TextEquiv></Glyph>
	<Glyph id="c1590">
	<Coords points="2728,4013 2758,4013 2758,4053 2728,4053"/>
	<TextEquiv>
	<Unicode>s</Unicode></TextEquiv></Glyph>
	<TextEquiv>
	<Unicode>échanges</Unicode></TextEquiv></Word>
	<Word id="w1591">
	<Coords points="2882,4000 2899,4000 2899,4027 2915,4027 2915,4037 2899,4037 2899,4051 2879,4051 2879,4056 2841,4056 2841,4054 2781,4054 2781,4014 2882,4014"/>
	<Glyph id="c1592">
	<Coords points="2781,4014 2834,4014 2834,4054 2781,4054"/>
	<TextEquiv>
	<Unicode>m</Unicode></TextEquiv></Glyph>
	<Glyph id="c1593">
	<Coords points="2841,4014 2879,4014 2879,4056 2841,4056"/>
	<TextEquiv>
	<Unicode>u</Unicode></TextEquiv></Glyph>
	<Glyph id="c1594">
	<Coords points="2882,4000 2899,4000 2899,4051 2882,4051"/>
	<TextEquiv>
	<Unicode>l</Unicode></TextEquiv></Glyph>
	<Glyph id="c1595">
	<Coords points="2900,4027 2915,4027 2915,4037 2900,4037"/>
	<TextEquiv>
	<Unicode>-</Unicode></TextEquiv></Glyph>
	<TextEquiv>
	<Unicode>mul-</Unicode></TextEquiv></Word>
	<TextEquiv>
	<Unicode>gécha, come on dit, les editions, par des échanges mul-</Unicode></TextEquiv></TextLine>
	<TextEquiv>
	<Unicode>Ce tau: bien raisonnable dura jusqu’en 4845, époque
de. paix oil l'on vit se multiplier les éditeurs et 01': You
gécha, come on dit, les editions, par des échanges mul-</Unicode></TextEquiv></TextRegion></Page></PcGts>
