4131 5847
1900 1086 2237 1139 —348—

1215 1232 1276 1269 ce
1304 1216 1442 1270 livre
1477 1216 1509 1269 a
1548 1201 1626 1272 un
1649 1216 1757 1269 ami
1786 1206 1910 1285 plus
1940 1216 2225 1283 heureux,
2258 1210 2407 1270 e'nﬁn
2436 1233 2575 1272 vous
2604 1221 2699 1290 n’y‘
2721 1238 2919 1292 pensez

1215 1298 1361 1376 plus,
1386 1306 1579 1375 quand
1599 1306 1630 1360 a
1651 1306 1701 1360 la
1726 1306 1802 1358 ﬁn
1823 1306 1901 1359 du
1924 1298 2061 1360 mois
2081 1321 2153 1360 on
2174 1321 2315 1372 vous
2337 1309 2600 1377 l’apporte
2619 1311 2820 1381 charge
2839 1312 2918 1368 du

1213 1400 1340 1465 port
1367 1398 1422 1449 et
1446 1395 1517 1448 de
1541 1396 1592 1450 la
1611 1394 1961 1448 commission
1990 1395 2070 1448 du
2094 1393 2318 1449 libraire
2344 1396 2594 1466 diligent.

1222 1560 1225 1563 _
1290 1485 1572 1555 Pourquoi
1609 1501 1670 1538 ce
1708 1484 1934 1539 retard?
1962 1485 2517 1542 demanderez-vous.
2550 1490 2701 1543 Nous
2744 1493 2915 1547 allons

1214 1591 1355 1631 vous
1380 1568 1744 1643 l’apprendre.
1770 1573 1974 1643 Quand
1995 1576 2045 1628 le
2063 1575 2288 1629 libraire
2308 1591 2339 1630 a
2357 1578 2474 1646 pris
2490 1582 2649 1633 votre
2669 1579 2910 1650 adresse,

1212 1665 1250 1718 il
1279 1667 1363 1719 n’a
1391 1681 1489 1734 pas
1518 1664 1685 1734 écrit,
1719 1664 1856 1719 mais
1884 1664 1921 1717 il
1953 1680 1984 1718 a
2020 1665 2251 1718 attendu
2286 1668 2814 1737 qu’une'quinzaine
2840 1686 2914 1725 ou

1212 1771 1325 1810 une
1359 1755 1639 1824 vingtaine
1699 1755 1767 1808 de
1803 1755 1980 1824 dupes
2016 1756 2088 1809 de
2133 1759 2291 1810 votre
2327 1757 2520 1827 espéce
2567 1759 2817 1815 vinssent
2856 1776 2914 1814 se

1210 1846 1452 1916 prendre
1472 1846 1502 1898 a
1524 1861 1622 1898 son
1646 1844 1835 1914 piége;
1866 1845 1903 1898 il
1924 1860 1955 1898 a
1976 1844 2115 1898 écrit
2134 1846 2278 1899 alors
2307 1846 2375 1900 45
2401 1847 2432 1900 a
2453 1849 2526 1902 20
2545 1849 2711 1918 petits
2729 1844 2914 1905 carrés

1209 1937 1279 1989 de
1314 1933 1507 2005 papier
1540 1950 1685 2004 pour
1720 1934 1936 1988 chacun
1965 1934 2065 1988 des
2092 1933 2372 2015 éditeurs,
2404 1938 2482 1990 les
2507 1938 2694 2007 priant
2727 1937 2798 1993 de
2825 1955 2912 1993 re-

1209 2027 1407 2079 mettre
1434 2039 1578 2093 pour
1604 2040 1703 2078 son
1724 2027 1942 2093 compte
1969 2024 2101 2078 chez
2130 2040 2230 2078 son
2257 2029 2690 2096 correspondant
2715 2031 2794 2083 les
2812 2046 2911 2084 ou-

1207 2129 1402 2183 vrages
1428 2112 1711 2182 désignés;
1746 2129 1836 2166 ces
1868 2114 1937 2168 15
1969 2128 2044 2166 on
2072 2114 2145 2168 20
2175 2113 2407 2168 chiﬂons
2432 2117 2613 2183 places
2638 2118 2777 2173 dans
2800 2135 2910 2174 une

1209 2205 1387 2258 meme
1415 2205 1719 2273 enveloppe
1747 2207 1872 2262 sont
1898 2202 2148 2257 adressés
2168 2202 2200 2256 a
2227 2218 2327 2257 son
2354 2208 2788 2276 correspondant
2809 2209 2909 2279 qui

1205 2311 1237 2348 a
1267 2293 1465 2347 l’ordre
1492 2293 1562 2346 de
1589 2292 1905 2362 n’expédier
1937 2307 2015 2346 un
2045 2293 2214 2347 ballot
2239 2310 2351 2363 que
2378 2298 2504 2349 tous
2532 2298 2612 2350 les
2637 2299 2803 2369 mois,
2834 2315 2908 2353 ou

1204 2382 1451 2457 lorsqu’il
1486 2382 1663 2437 forme
1693 2382 1744 2435 le
1778 2381 2083 2435 maximum
2116 2382 2195 2436 du
2232 2382 2390 2452 poids
2424 2386 2657 2440 accordé
2690 2405 2792 2457 par
2831 2391 2909 2443 les

1204 2472 1531 2542 diligences,
1574 2471 1867 2540 lesquelles
1904 2486 1974 2524 ne
2009 2471 2129 2525 font
2162 2487 2260 2540 pas
2299 2489 2469 2542 payer
2503 2476 2628 2545 plus
2659 2477 2794 2531 cher
2828 2495 2905 2533 un

1205 2561 1336 2616 colis
1357 2562 1427 2615 de
1450 2561 1525 2615 30
1551 2561 1803 2614 volumes
1822 2562 1998 2630 qu’un
2024 2561 2192 2615 ballot
2219 2562 2351 2615 d’un
2371 2565 2490 2618 seul
2510 2566 2753 2621 volume.

1281 2652 1322 2705 ll
1342 2649 1529 2704 arrive
1547 2648 1692 2703 donc
1708 2664 1820 2718 que
1838 2651 1889 2703 le
1909 2650 2365 2721 correspondant,
2379 2652 2476 2722 qui
2495 2670 2635 2723 paye
2655 2671 2733 2709 un
2753 2656 2907 2711 franc

1204 2759 1262 2797 sa
1289 2757 1476 2812 grosse
1504 2742 1666 2794 lettre
1684 2780 1699 2808 ,
1730 2739 1829 2793 fait
1861 2756 2033 2809 payer
2059 2741 2361 2811 demi-port
2386 2759 2497 2798 aux
2525 2745 2595 2798 15
2625 2745 2657 2799 a
2688 2748 2761 2801 20
2792 2747 2907 2802 édi-

1202 2837 1357 2887 teurs
1377 2819 1648 2898 auxquels
1669 2829 1703 2882 il
1734 2831 1814 2883 les
1839 2830 2061 2883 adresse
2076 2871 2091 2900 ,
2124 2831 2159 2883 il
2189 2831 2358 2885 retire
2384 2832 2455 2887 de
2481 2850 2544 2888 ce
2563 2836 2692 2889 chef
2714 2836 2783 2890 de
2811 2827 2845 2891 7
2872 2837 2905 2891 a

1203 2926 1236 2978 9
1260 2923 1441 2977 francs
1461 2919 1686 2975 fraudés
1706 2918 1738 2975 a
1766 2920 1816 2973 la
1843 2907 2029 2990 poste,
2044 2925 2100 2973 et
2119 2921 2170 2975 le
2190 2921 2415 2977 libraire
2433 2923 2503 2978 de
2520 2926 2785 2995 province
2804 2928 2902 2997 qui

1202 3011 1375 3080 recoit
1410 3027 1487 3065 un
1526 3011 1734 3079 paquet
1771 3008 1841 3062 de
1881 2999 1952 3062 '25
1991 3011 2240 3063 volumes
2277 3027 2423 3080 pour
2459 3030 2535 3068 un
2573 3015 2755 3084 franc,
2805 3017 2904 3071 fait

1200 3115 1371 3172 payer
1399 3101 1430 3154 a
1457 3101 1672 3169 chaque
1699 3098 2056 3153 destinataire
2087 3101 2138 3153 le
2165 3101 2290 3170 prix
2319 3103 2451 3156 total
2479 3103 2557 3157 du
2587 3108 2896 3175 transport,

1199 3206 1412 3245 comme
1433 3191 1476 3244 si
1502 3192 1553 3243 le
1574 3190 1795 3243 volume
1824 3189 1955 3244 était
1982 3205 2132 3243 venu
2154 3195 2275 3245 tout
2302 3194 2418 3247 seul
2440 3181 2585 3263 pour
2610 3195 2710 3249 lui.

1275 3280 1384 3351 Or,
1416 3296 1629 3335 comme
1657 3281 1948 3348 beaucoup
1974 3264 2307 3335 d‘amateurs
2335 3282 2569 3352 fatigués
2594 3286 2900 3339 d’attendre

1199 3371 1460 3426 envoient
1479 3386 1777 3439 promener
1804 3371 1854 3423 le
1873 3369 2118 3439 libraire,
2144 3371 2363 3425 celui-ci
2389 3373 2559 3442 garde
2586 3375 2635 3427 le
2661 3368 2803 3428 livre
2830 3391 2900 3428 en

1198 3463 1365 3532 depot
1378 3460 1600 3531 jusqu’a
1620 3462 1672 3513 la
1692 3460 1769 3513 [in
1789 3460 1860 3513 de
1880 3460 2113 3530 l’année,
2144 3464 2199 3513 et
2227 3462 2310 3514 n’a
2337 3478 2435 3532 pas
2459 3463 2623 3517 honte
2644 3465 2713 3517 de
2734 3466 2784 3518 le
2804 3465 2897 3518 de-

1198 3552 1375 3607 Clarer
1402 3566 1537 3619 recu
1566 3566 1636 3603 en
1663 3548 2036 3619 commission,
2067 3550 2268 3603 oﬁ‘rant
2293 3551 2364 3605 de
2385 3552 2435 3605 le
2463 3568 2739 3622 renvoyer
2757 3553 2790 3608 a
2809 3553 2898 3607 l'é—

1195 3641 1384 3695 diteur
1410 3639 1488 3693 s'il
1515 3641 1566 3692 le
1589 3638 1793 3692 désire.

1272 3730 1468 3783 A—t—on
1488 3727 1531 3782 si
1560 3727 1736 3797 grand
1762 3730 1876 3781 tort
1902 3728 2093 3796 quaud
2119 3743 2190 3781 on
2214 3728 2312 3783 fait
2331 3729 2502 3783 rimer
2521 3730 2745 3785 libraire
2764 3746 2897 3785 avec

1196 3818 1471 3874 corsairc?
1496 3817 1704 3873 Faut—il
1733 3817 2010 3876 s’étonner
2035 3817 2081 3871 si
2109 3820 2505 3888 quelques-uns
2521 3819 2592 3873 de
2620 3836 2710 3874 ces
2737 3820 2895 3890 Alge-

1196 3910 1345 3963 riens
1364 3908 1658 3977 possedent
1684 3907 1783 3960 des
1803 3906 2106 3977 Cassauba,
2132 3909 2376 3977 pendant
2402 3925 2514 3978 que
2540 3901 2618 3964 les
2646 3910 2894 3965 éditeurs

1196 4001 1412 4055 rament
1438 3991 1650 4053 comme
1670 3996 1769 4051 des
1797 3996 1996 4066 forcats
2024 3995 2055 4053 a
2081 3999 2207 4053 leur
2226 3997 2473 4054 service?
