4131 5847
1914 1091 1986 1101 —-
2029 1061 2145 1118 54—9.
2181 1090 2251 1101 —

1313 1190 1593 1246 L’éditeur
1618 1193 1700 1244 est
1728 1190 1957 1244 l’abeille
1985 1190 2082 1260 qui
2112 1190 2341 1260 produit
2365 1191 2416 1244 le
2443 1190 2599 1259 miel,
2643 1178 2941 1246 l’intermé-

1235 1280 1411 1334 diaire
1431 1283 1514 1334 est
1539 1281 1589 1334 le
1609 1281 1784 1333 frelon
1808 1280 1906 1349 qui
1927 1280 1976 1334 le
2003 1296 2228 1351 mange,
2260 1282 2375 1335 cela
2397 1296 2467 1334 ne
2489 1281 2700 1345 seurait
2729 1282 2904 1335 durer
2920 1322 2934 1349 ,

1238 1371 1287 1424 le
1319 1370 1543 1424 reméde
1576 1385 1688 1439 que
1722 1385 1862 1423 nous
1897 1385 2202 1440 proposons
2234 1373 2316 1433 est
2344 1370 2656 1440 infaillible,
2700 1375 2756 1424 et
2786 1370 2824 1424 il
2857 1375 2940 1424 est

1237 1463 1459 1528 urgent.
2375 1471 2378 1474 '

1313 1547 1589 1601 L’éditeur
1609 1548 1772 1602 ruiné
1798 1565 1900 1617 par
1929 1550 1979 1602 le
2008 1549 2325 1602 revendeur
2363 1553 2446 1603 est
2486 1551 2611 1602 tout
2647 1550 2941 1602 naturelle-

1241 1641 1394 1690 ment
1421 1637 1698 1691 contraint
1723 1638 1794 1691 de
1828 1637 2022 1691 ruiner
2052 1638 2302 1703 l’auteur;
2340 1653 2412 1691 on
2442 1653 2505 1690 se'
2533 1636 2708 1706 plaint
2733 1636 2864 1707 qu’il
2904 1654 2940 1706 y

1238 1730 1406 1780 mette
1425 1726 1774 1797 quelquefois
1793 1744 1871 1782 un
1901 1743 2009 1797 peu
2039 1731 2163 1797 trop
2188 1727 2258 1781 de
2281 1727 2466 1780 bonne
2492 1726 2736 1780 volonté.

1509 2201 1634 2247 Des
1669 2196 1941 2247 lacunes
1984 2199 2066 2247 de
2106 2200 2171 2248 la
2220 2199 2660 2260 typographic.

1312 2445 1386 2499 Le
1413 2456 1611 2515 moyen
1632 2447 1702 2500 de
1727 2445 2027 2515 multiplier
2048 2448 2125 2500 les
2144 2446 2311 2505 livres
2331 2462 2432 2516 par
2459 2445 2820 2514 l'impression
2850 2447 2936 2500 fut

1233 2551 1347 2589 une
1385 2535 1720 2589 découverte
1763 2536 1807 2589 si
1849 2535 2233 2590 merveilleuse
2270 2553 2382 2607 que
2420 2551 2696 2605 personne
2730 2536 2937 2590 semble

1235 2622 1443 2679 n’avoir
1476 2625 1570 2690 osé
1596 2641 1656 2678 se
1694 2628 1995 2695 permettre
2028 2626 2099 2696 de
2127 2626 2249 2680 rien
2279 2627 2519 2694 changer
2544 2625 2576 2678 in
2602 2626 2654 2678 la
2688 2641 2839 2678 casse
2864 2625 2935 2679 de

1237 2715 1576 2784 Guttcnberg;
1598 2715 1699 2767 elle
1720 2718 1802 2767 est
1829 2714 1957 2767 bien
1982 2715 2093 2768 loin
2132 2714 2443 2784 cependant
2462 2715 2532 2776 de
2565 2713 2827 2783 posséder
2854 2715 2932 2766 les

1230 2804 1412 2872 signes
1433 2804 1769 2857 nécessaires
1788 2819 1931 2872 pour
1953 2803 2232 2872 exprimer
2245 2807 2428 2857 toutes
2449 2817 2549 2856 nos
2570 2801 2844 2856 maniéres
2861 2802 2934 2858 .de

1230 2894 1353 2947 voir
1372 2897 1428 2947 et
1445 2894 1515 2947 de
1535 2893 1729 2947 sentir.
1744 2893 1818 2947 La
1841 2910 2053 2962 preuve
2075 2909 2145 2946 en
2166 2895 2248 2965 est
2268 2893 2406 2946 dans
2426 2891 2840 2961 l’impossibilité
2860 2891 2931 2945 de

1231 2983 1359 3037 bien
1381 2983 1502 3052 lire,
1528 2983 1559 3036 é
1586 2984 1725 3037 livre
1745 2986 1967 3052 ouvert,
1998 2983 2068 3036 de
2093 2982 2223 3036 bien
2244 2982 2450 3036 rendre
2478 2983 2529 3036 la
2556 2982 2757 3052 pensée
2778 2985 2833 3035 et
2853 2984 2931 3036 les

1231 3072 1556 3127 sentiments
1592 3074 1663 3127 de
1691 3072 2001 3142 l‘éerivain;
2050 3087 2191 3125 nous
2228 3088 2297 3125 en
2338 3087 2510 3125 avons
2555 3076 2814 3143 souvent‘
2836 3071 2935 3126 fait

1232 3163 1510 3232 I’épreuve
1544 3179 1679 3217 avee
1715 3165 1793 3216 les
1819 3162 2164 3232 professeurs
2202 3161 2281 3214 de
2306 3160 2670 3216 déclamation
2708 3161 2933 3232 réputés

1230 3270 1373 3324 pour
1400 3252 1662 3307 d’habiles
1692 3255 1962 3321 leeteurs;
1996 3251 2061 3304 ils
2081 3266 2152 3304 ne
2172 3250 2476 3319 pouvaient
2500 3251 2792 3320 parcourir
2819 3268 2931 3305 une

1229 3344 1540 3412 demi-page
1565 3359 1692 3397 sans
1719 3344 2043 3396 commettre
2066 3340 2343 3410 plusieurs
2370 3343 2707 3393 centre-sens
2734 3340 2929 3394 d’into-

1232 3433 1447 3501 nation;
1474 3433 1511 3486 il
1539 3434 1661 3486 n’en
1683 3435 1766 3485 est
1791 3446 1888 3501 pas
1914 3431 1985 3485 de
2015 3431 2192 3483 méme
2214 3430 2284 3482 de
2303 3430 2354 3482 la
2375 3429 2660 3499 musique,
2694 3445 2754 3484 sa
2774 3433 2930 3483 nota-

1228 3525 1343 3577 tion
1370 3526 1453 3577 est
1470 3522 1761 3591 beaucoup
1780 3521 1906 3590 plus
1932 3518 2190 3588 parfaite;
2222 3517 2257 3569 il
2286 3517 2454 3571 serait
2479 3517 2623 3572 done
2654 3519 2686 3571 a
2714 3517 2929 3572 désirer

1225 3629 1339 3684 que
1367 3611 1663 3666 messieurs
1689 3612 1768 3663 les
1794 3610 2065 3679 quarante
2087 3607 2491 3675 s’occupassent
2511 3606 2580 3660 de
2600 3606 2930 3676 perfection-

1229 3719 1330 3757 ner
1350 3704 1400 3755 le
1428 3702 1621 3753 cassier
1661 3700 1731 3753 de
1760 3715 1859 3752 nos
1887 3698 2273 3767 imprimeurs,
2305 3712 2437 3750 sous
2465 3696 2544 3762 les
2570 3695 2758 3749 divers
2804 3712 2929 3765 rap-

1228 3781 1381 3862 ports
1408 3790 1545 3843 dont
1574 3804 1716 3842 nous
1742 3789 1916 3841 allons
1943 3788 2150 3856 parler.

1301 3880 1451 3935 Nous
1472 3895 1542 3933 ne
1563 3877 1864 3948 possédons
1882 3892 1994 3946 que
2012 3876 2160 3930 deux
2180 3874 2364 3944 points
2383 3872 2698 3943 expressifs,
2712 3873 2764 3927 le
2772 3873 2927 3942 point

1224 3968 1675 4035 d’interrogation
1701 3966 1771 4037 (?)
1799 3970 1854 4018 et
1890 3966 1941 4018 le
1970 3965 2126 4034 point
2159 3962 2542 4042 d’admi‘ration
2569 3961 2637 4033 (!)
2667 3963 2926 4017 N’avons-
