4131 5847
1917 1059 2140 1113 ~—-557
2186 1088 2255 1097 ——

1217 1193 1342 1262 plus
1361 1191 1681 1245 accessibles
1703 1192 1908 1260 qu’aux
1932 1190 2170 1258 grandes
2198 1191 2449 1245 fortunes
2476 1192 2575 1246 dés
2605 1196 2770 1263 qu’on
2800 1197 2923 1249 leur
2982 1222 2985 1224 -

1218 1282 1402 1335 donne
1421 1281 1797 1350 l’importance
1817 1281 1950 1334 d’un
1983 1280 2310 1334 manuscrit.

1294 1368 1382 1425 0n
1419 1387 1560 1425 nous
1596 1357 1960 1440 comprendra
1999 1385 2069 1423 en
2105 1385 2164 1422 se
2193 1371 2478 1439 rappelant
2514 1372 2565 1425 la
2601 1372 2919 1428 distinction

1216 1459 1312 1529 qui
1340 1459 1457 1513 doit
1482 1459 1686 1513 exister
1724 1461 1882 1512 entre
1912 1459 2033 1512 l’art
2066 1462 2130 1532 et.
2152 1457 2490 1528 l’industrie,
2535 1465 2692 1514 entre
2719 1463 2770 1516 la
2795 1477 2923 1533 pro-

1215 1548 1445 1602 duction
1472 1549 1551 1602 du
1588 1547 1749 1617 génie
1775 1546 2085 1602 individuel
2123 1551 2179 1601 et
2209 1549 2260 1601 la
2289 1549 2685 1617 reproduction
2715 1550 2923 1605 machi-

1217 1640 1340 1692 nale
1366 1637 1648 1703 i_ndéﬁnie.

1288 1726 1367 1781 Le
1392 1742 1596 1798 pr0pre
1616 1727 1686 1780 de
1712 1725 2022 1780 l’industrie
2045 1728 2128 1778 est
2148 1727 2613 1795 lareproduction
2633 1735 2886 1804 prompte
2902 1773 2916 1801 ,

1215 1817 1461 1872 illimitée
1484 1821 1540 1871 et
1563 1816 1594 1870 a
1621 1817 1720 1870 has
1739 1816 1863 1885 prix
1889 1816 1960 1869 de
1982 1820 2108 1870 tous
2136 1817 2214 1869 les
2240 1815 2415 1885 objets
2436 1817 2603 1871 d’u'ne
2621 1817 2805 1873 utilité
2829 1822 2920 1890 ge—

1219 1906 1424 1960 nérale.
2567 1950 2571 1953 .

1291 1995 1465 2064 L’art,
1489 1995 1897 2068 au.._contraire,
1930 2011 2000 2048 ne
2019 1998 2235 2064 compte
2263 2010 2406 2063 pour
2434 1997 2556 2048 rien
2576 1997 2627 2048 la
2655 1999 2921 2068 prompti-

1217 2086 1350 2139 tude
1369 2084 1739 2155 d’exécution,
1762 2087 1813 2139 la
1839 2084 2114 2154 quantité,
2135 2086 2185 2138 le
2202 2084 2327 2154 prix
2343 2083 2415 2138 de
2436 2084 2762 2140 fabrication
2784 2087 2840 2140 ni
2868 2090 2918 2142 1e

1215 2174 1407 2228 besoin
1428 2175 1526 2228 des
1547 2189 1771 2250 masses.
1796 2172 1940 2227 L’art
1961 2190 2032 2228 ne
2051 2177 2187 2243 peut
2207 2172 2516 2229 intervenir
2537 2174 2675 2228 dans
2702 2176 2920 2231 l’indus-

1216 2263 1320 2319 trie
1348 2280 1459 2333 quc
1479 2263 1703 2333 jusqu’a
1723 2263 1969 2318 certaine
1995 2262 2190 2331 limite,
2216 2261 2375 2332 passé
2397 2263 2632 2331 laquelle
2651 2265 2730 2318 [es
2750 2282 2920 2321 avan-

1214 2356 1365 2420 tages
1384 2367 1614 2422 propres
1640 2352 1672 2405 a
1696 2351 2004 2406 l’industrie
2031 2355 2413 2404 commencent
2437 2351 2469 2404 a
2488 2351 2835 2421 disparaitre.

1290 2441 1442 2495 Ainsi
1463 2482 1477 2509 ,
1511 2459 1590 2495 un
1619 2442 1759 2495 livre
1787 2441 1892 2495 tiré
1921 2441 1953 2494 a
1983 2441 2160 2509 grand
2187 2440 2440 2508 nombre,
2469 2455 2545 2494 au
2570 2442 2696 2511 prix
2724 2444 2794 2498 de
2819 2446 2855 2499 5
2885 2446 2917 2500 a

1180 2558 1182 2562 -
1213 2529 1249 2583 4
1277 2532 1459 2584 francs
1492 2547 1595 2600 par
1621 2532 1872 2600 volume,
1904 2534 1989 2583 est
2014 2546 2093 2584 un
2125 2530 2351 2598 produit
2378 2529 2669 2586 industriel
2697 2533 2795 2602 qui
2823 2535 2919 2588 de-

1214 2619 1369 2673 vient
1397 2621 1653 2688 unobjet
1674 2621 1815 2674 d’art
1842 2636 1945 2688 par.
1980 2618 2262 2685 l’addition
2284 2619 2662 2673 d’ornements
2689 2623 2914 2693 graves,

1213 2707 1404 2778 dorés,
1436 2709 1687 2778 coloriés,
1719 2712 1774 2763 et
1794 2725 1895 2778 par
1920 2709 2055 2762 celle
2074 2707 2240 2762 d’une
2258 2707 2595 2777 magniﬁque
2632 2709 2860 2764 reliure.

1289 2797 1770 2868 L’amour-propre
1789 2814 1859 2851 ne
1885 2801 2043 2867 porte
2062 2813 2180 2866 que
2201 2800 2327 2866 trop
2346 2802 2585 2851 souvent
2611 2814 2690 2854 un
2709 2800 2916 2855 artisan

1214 2887 1392 2942 habile
1419 2887 1452 2940 a
1478 2887 1730 2941 rivaliser
1774 2902 1909 2940 avec
1944 2886 2199 2955 l’artiste;
2240 2886 2369 2941 c’est
2394 2885 2445 2940 la
2483 2888 2757 2957 sapierre
2806 2890 2860 2943 d’
2897 2920 2917 2929 -

1212 2977 1597 3045 chOppement.

1286 3062 1767 3133 L’amour—pmpre
1811 3063 1881 3116 de
1924 3065 1974 3117 la
2014 3062 2261 3117 librairie
2307 3064 2574 3132 francaise
2619 3065 2697 3120 lui
2741 3082 2776 3120 a
2820 3067 2919 3120 fait

1212 3153 1456 3208 franchir
1491 3156 1569 3208 les
1594 3152 1795 3206 limites
1823 3152 1891 3205 dc
1920 3152 2436 3206 l’industrie..Nous
2464 3153 2755 3222 craignons
2782 3156 2915 3224 qu’il

1211 3244 1335 3300 n’en
1354 3243 1459 3296 soit
1478 3242 1549 3302 de
1569 3246 1691 3296 tout
1716 3241 1885 3310 ainsi;
1915 3257 2017 3310 par
2038 3242 2284 3309 exemple
2299 3281 2314 3310 ,
2346 3241 2443 3293 des
2472 3242 2753 3296 machines
2776 3244 2915 3298 dont
2956 3287 2960 3289 .

1170 3395 1178 3403 '
1211 3335 1260 3386 lc
1288 3333 1418 3403 poli,
1450 3333 1634 3387 donné
1664 3332 1696 3385 a
1721 3331 1925 3400 grands
1953 3331 2085 3384 frais
2110 3346 2221 3383 aux
2240 3329 2445 3400 parties
2465 3331 2563 3399 qui
2592 3331 2914 3403 n’enrécla-

1210 3426 1364 3476 ment
1380 3422 1557 3491 point,
1581 3423 1877 3489 augmente
1904 3421 1954 3473 le
1973 3419 2099 3488 prix
2124 3435 2250 3473 sans
2278 3404 2478 3472 utilité.

1287 3511 1328 3564 Il
1351 3527 1592 3579 manque
1619 3526 1731 3563 aux
1757 3507 2077 3569 industriels
2115 3525 2194 3563 un
2228 3508 2447 3562 tableau
2477 3507 2789 3578 statistique
2813 3510 2912 3564 des

1209 3602 1458 3654 fortunes
1495 3616 1639 3669 pour
1673 3599 1803 3653 bien
1842 3598 2048 3652 asseoir
2082 3601 2205 3658 leur
2251 3597 2611 3673 spéculation.
2662 3597 2910 3653 L’artiste

1210 3694 1332 3745 n’en
1364 3707 1396 3744 a
1422 3706 1519 3760 pas
1544 3689 1756 3743 besoin.
1797 3688 2022 3743 Comme
2049 3689 2086 3743 il
2115 3706 2185 3743 ne
2213 3688 2311 3742 fait
2336 3688 2575 3757 quedes
2610 3689 2790 3758 pieces
2817 3706 2909 3744 ex-

1209 3779 1622 3849 ceptionnelles,
1670 3779 1709 3832 il
1752 3783 1951 3832 trouve
1997 3793 2239 3847 presque
2266 3778 2521 3845 toujours
2550 3793 2629 3831 un
2655 3771 2908 3833 amateur
2951 3849 2959 3857 ’

1208 3869 1571 3938 d’originaux,
1593 3869 1722 3938 quel
1739 3867 1904 3937 qu’en
1933 3867 2038 3920 soit
2064 3869 2117 3923 le.
2142 3867 2287 3941 prix.
2314 3867 2402 3922 Un
2429 3866 2621 3920 artiste
2650 3867 2909 3938 horloger.

1206 3959 1303 4028 qui
1331 3958 1480 4013 avait
1509 3957 1714 4031 expose
1767 3972 1880 4010 une
1932 3960 2149 4010 montre
2192 3957 2264 4010 de
2308 3956 2492 4010 cristal
2540 3957 2612 4010 de
2657 3956 2904 4014 soixante

1420 4057 1630 4091 uproar.
1660 4045 1702 4085 2.
2359 4045 2361 4048 '
2683 4046 2749 4085 22.
