4131 5847
1886 1072 2227 1125 —-555-—-

1198 1202 1267 1255 de
1290 1200 1475 1254 l’huile
1495 1199 1798 1269 saponiﬁée
1823 1205 1877 1254 et
1912 1203 1963 1254 la
1999 1199 2156 1254 laisse
2183 1200 2320 1254 dans
2357 1215 2435 1253 un
2468 1200 2579 1254 é‘tat
2605 1200 2805 1269 pal'fait
2832 1201 2907 1258 de,

1202 1289 1431 1343 netteté.
1757 1334 1765 1340 .
2200 1353 2208 1361 _

1275 1375 1361 1431 On
1389 1381 1512 1430 sent
1536 1393 1647 1446 que
1674 1380 1855 1431 toutes
1884 1392 1975 1430 ces
2001 1377 2315 1447 operations
2342 1381 2440 1432 ont
2475 1378 2588 1431 lieu
2618 1393 2747 1433 sous
2770 1394 2903 1456 pou-

1201 1471 1346 1520 vert.
1381 1466 1456 1520 La
1483 1470 1700 1536 potasse
1731 1467 1980 1520 retombe
2004 1483 2102 1520 sur
2131 1482 2211 1520 un
2239 1468 2384 1521 ﬁltre
2410 1465 2484 1522 oil
2511 1468 2615 1520 elle
2634 1468 2795 1522 laisse
2818 1484 2905 1522 ses

1201 1558 1466 1627 ordures,
1497 1572 1718 1625 repasse
1745 1572 1844 1611 sur
1872 1573 1951 1610 un
1979 1557 2041 1611 lit
2059 1557 2130 1611 de
2157 1558 2339 1612 chaux
2354 1598 2370 1627 ,
2400 1555 2475 1611 oil
2503 1558 2605 1611 elle
2634 1573 2694 1615 se
2720 1573 2906 1627 regra-

1201 1646 1344 1714 duc,
1377 1648 1433 1699 et
1470 1645 1657 1699 tombe
1694 1646 1842 1699 enﬁn
1881 1646 2020 1700 dans
2057 1663 2135 1700 un
2168 1645 2475 1715 reservoir,
2515 1645 2642 1700 d’oﬁ
2683 1647 2785 1700 elle
2823 1650 2907 1701 est

1200 1735 1432 1805 pompée
1461 1749 1606 1804 pour
1631 1734 1812 1789 servir
1837 1735 1908 1789 de
1936 1749 2226 1807 nouveau;
2258 1736 2388 1790 c’est
2413 1736 2445 1789 :31
2469 1738 2520 1790 la
2547 1736 2649 1790 {ois
2668 1752 2871 1806 propre
2887 1778 2901 1807 ,

1203 1824 1564 1896 economique
1594 1829 1649 1879 et
1677 1825 2069 1894 préservateur
2095 1825 2173 1879 du
2214 1824 2493 1879 caracté’re
2527 1843 2542 1878 :
2575 1839 2716 1879 nous
2743 1826 2794 1878 le
2821 1841 2909 1879 re-

1201 1913 1599 1969 commandons
1624 1928 1736 1969 aux
1760 1915 1997 1982 grandes
2017 1913 2385 1986 imprimeries
2412 1917 2655 1969 surtout.

1326 2402 1766 2462 Composition
1792 2402 1873 2451 de
1898 2403 1963 2452 la
1988 2402 2295 2464 muoique
2320 2415 2404 2450 en
2427 2403 2800 2451 "caractéI-en

1904 2498 2206 2547 mobiles.

1279 2741 1366 2797 On
1389 2758 1420 2795 a
1440 2742 1730 2811 beaucoup
1758 2742 1854 2795 fait
1875 2758 2018 2811 pour
2039 2745 2271 2797 trouver
2291 2744 2341 2795 le
2364 2757 2563 2812 moyen
2580 2743 2660 2796 de
2689 2757 2907 2811 compo-

1205 2847 1295 2884 ser
1315 2833 1366 2884 la
1395 2829 1652 2899 musique
1679 2847 1750 2885 en
1769 2830 2078 2885 caracteres
2097 2830 2345 2885 mobiles.
2370 2831 2617 2884 Petrucci
2633 2830 2694 2884 ﬁt
2714 2829 2910 2884 fondre

1204 2922 1419 2991 chaque
1447 2924 1575 2974 note
1595 2920 1666 2974 de
1688 2920 2022 2990 plain-chant
2046 2937 2182 2975 avec
2202 2937 2315 2974 une
2335 2920 2552 2990 portion
2574 2918 2674 2974 des
2691 2919 2911 2989 portées

1160 3033 1164 3038 ‘
1205 3024 1304 3064 sur
1330 3012 1621 3080 lesquelles
1642 3012 1744 3064 elle
1774 3027 1995 3079 repose,
2029 3010 2166 3064 mais
2185 3010 2363 3064 c’était
2391 3026 2502 3064 une
2523 3011 2687 3064 chose
2707 3009 2850 3064 laide
2878 3010 2909 3062 £1

1207 3099 1351 3169 voir,
1376 3099 1407 3154 :31
1433 3115 1599 3154 cause
1625 3100 1723 3154 des
1750 3100 1922 3168 lignes
1952 3099 2190 3168 brisées;
2234 3098 2307 3152 M.
2339 3100 2605 3167 Duverger
2635 3099 2698 3152 ﬁt
2723 3100 2912 3153 mieux

1208 3206 1277 3242 en
1304 3189 1482 3259 4832;
1527 3189 1565 3242 ii
1603 3205 1860 3258 composa
1885 3189 2195 3243 seulement
2222 3190 2300 3243 les
2329 3192 2515 3258 notes,
2548 3189 2626 3242 les
2648 3189 2910 3258 polytypa

1203 3294 1301 3332 sur
1328 3279 1501 3347 plétre
1517 3319 1531 3347 ,
1564 3278 1671 3332 lira
1704 3280 1784 3331 les
1809 3278 2126 3354 portées‘en
2151 3292 2325 3332 creux
2350 3293 2450 3332 sur
2477 3281 2620 3331 cette
2646 3277 2904 3345 matiere,

1206 3367 1352 3437 puis,
1384 3372 1623 3437 prenant
1650 3383 1728 3422 un
1758 3367 1932 3421 cliche
1959 3367 2039 3421 du
2068 3370 2217 3433 tout,
2250 3367 2286 3420 i1
2313 3367 2494 3421 obtint
2520 3383 2599 3421 un
2628 3382 2777 3422 assez
2797 3367 2908 3421 hon

1202 3458 1456 3526 résultat,
1500 3457 1636 3512 mais
1674 3472 1801 3512 sans
1847 3456 2127 3512 économie
2167 3471 2313 3527 pour
2350 3457 2429 3510 les
2465 3456 2665 3525 til-ages
2702 3455 2735 3509 é
2771 3456 2911 3524 petit

1205 3547 1457 3602 nombre.
2067 3615 2075 3627 '
2294 3543 2302 3552 ‘
2865 3615 2867 3618 I

1278 3635 1434 3692 Voici
1457 3633 1620 3688 venir
1654 3636 2010 3704 aujourd’hui
2049 3635 2124 3689 M.
2168 3636 2416 3703 Deniez,
2446 3635 2542 3704 qui
2578 3651 2610 3708 a
2652 3633 2832 3689 résolu
2861 3635 2912 3687 Ie

1204 3723 1487 3793 probléme
1508 3738 1577 3776 en
1604 3738 1705 3777 son
1734 3723 1945 3794 entier;
1970 3723 2007 3777 il
2027 3738 2282 3792 compose
2302 3727 2358 3778 et
2385 3723 2641 3794 imprime
2662 3722 2910 3777 simulta-

1205 3813 1450 3881 nément,
1475 3826 1545 3864 en
1579 3812 1887 3865 caractéres
1909 3812 2166 3880 mobiles,
2199 3812 2276 3865 les
2317 3817 2474 3867 notes
2503 3817 2557 3867 et
2584 3813 2662 3866 les
2688 3812 2910 3882 portées

1205 3906 1260 3955 et
1279 3899 1414 3955 offre
1434 3917 1534 3954 sur
1560 3902 1610 3954 la
1629 3904 1870 3970 grav'ure
1898 3916 2013 3954 une
2036 3899 2371 3958 diminution
2398 3902 2469 3955 de
2489 3902 2613 3972 prix
2639 3902 2735 3972 qui
2769 3904 2905 3956 n’est

1202 4007 1299 4060 pas
1320 3990 1573 4045 moindre
1600 3990 1670 4065 de
1712 3992 1784 4048 50
1821 4008 1876 4060 p.
1911 4007 1960 4045 c.
1992 4005 2092 4045 sur
2131 3990 2304 4061 1,000
2345 3992 2725 4064 exemplaires,
2756 3997 2812 4046 et
2838 3993 2909 4045 do

1421 4087 1626 4120 support.
1659 4077 1701 4119 2.
2644 4082 2697 4123 2:5
