4131 5847
1900 1080 2238 1133 -—556—

1295 1208 1382 1263 On
1411 1223 1580 1277 rogue
1608 1206 1639 1262 a
1666 1208 1716 1261 la
1741 1223 1927 1277 presse
1954 1210 2005 1262 le
2030 1209 2130 1263 dos
2157 1210 2290 1264 d’un
2317 1211 2477 1280 livre,
2502 1227 2575 1266 on
2596 1227 2634 1281 y
2661 1212 2920 1282 applique

1167 1362 1175 1369 /
1216 1314 1287 1353 au
1312 1299 1544 1368 pinceau
1567 1313 1679 1351 une
1705 1299 1914 1353 couche
1940 1298 2012 1353 de
2038 1298 2365 1355 dissolution
2398 1302 2608 1371 épaisse
2633 1301 2703 1356 de
2734 1306 2920 1357 caout-

1217 1389 1394 1443 chouc
1421 1391 1476 1441 et
1509 1403 1582 1442 on
1609 1389 1946 1458 l’enveloppe
1982 1388 2150 1443 d’uue
2178 1406 2321 1459 peau
2355 1406 2429 1445 ou
2458 1391 2625 1446 d’une
2662 1390 2792 1445 toile
2826 1408 2922 1446 en-

1214 1478 1372 1533 duite
1391 1467 1461 1532 de
1481 1479 1532 1532 la
1553 1479 1733 1532 meme
1754 1456 1990 1542 matiér’e
2006 1520 2020 1547 ,
2044 1479 2124 1532 les
2150 1479 2387 1534 feuillets
2407 1496 2478 1534 ne
2497 1484 2623 1535 sont
2641 1481 2885 1538 attachés
2900 1521 2915 1551 ,

1216 1568 1251 1622 il
1282 1568 1366 1622 eSt
1390 1567 1542 1636 vrai,
1584 1583 1696 1636 que
1724 1582 1825 1636 par
1850 1568 1901 1625 la
1929 1568 2159 1622 tranche
2194 1569 2265 1623 de
2292 1571 2343 1624 la
2370 1570 2587 1640 feuille;
2628 1570 2766 1624 mais
2804 1571 2919 1642 cela

1217 1660 1340 1712 n’en
1377 1661 1461 1711 est
1487 1672 1584 1727 pas
1611 1656 1790 1710 moins
1816 1656 1990 1711 solide
2016 1656 2311 1728 puisqu’on
2341 1662 2477 1728 peut
2504 1659 2812 1729 suspendre
2840 1675 2918 1713 un

1215 1747 1357 1803 in-8°
1383 1762 1452 1800 en
1481 1748 1532 1799 le
1558 1748 1750 1800 tenant
1788 1762 1889 1815 par
1926 1761 2040 1800 une
2068 1747 2222 1801 seule
2250 1747 2458 1803 feuille.
2492 1746 2813 1818 Cependant
2840 1748 2919 1800 les

1214 1836 1560 1905 bibliophiles
1599 1851 1669 1889 ne
1706 1850 1765 1888 se
1804 1836 1940 1889 ﬁent
1977 1851 2075 1905 pas
2101 1835 2134 1890 1‘:
2161 1851 2225 1890 cc
2252 1852 2452 1907 moyen
2479 1837 2577 1907 qui
2608 1853 2678 1891 ne
2704 1840 2919 1907 permet

1214 1930 1339 1997 plus
1369 1927 1441 1981 de
1467 1925 1720 1981 recourir
1754 1924 1785 1979 é
1812 1925 2045 1980 l’ancien
2082 1926 2322 1995 procédé
2360 1926 2431 1981 de
2469 1926 2724 1997 l’aiguille
2755 1927 2917 1997 aprés

1210 2031 1323 2085 que
1343 2017 1421 2069 les
1447 2015 1661 2069 feuilles
1680 2017 1778 2068 ont
1804 2014 1891 2068 été
1911 2014 2221 2085 découpées
2241 2032 2312 2070 en
2332 2016 2589 2071 feuillets.

1288 2103 1376 2160 On
1407 2108 1649 2174 regrette
1679 2105 1824 2158 donc
1850 2120 1962 2174 que
1983 2105 2032 2158 le
2060 2106 2403 2160 caoutchouc
2430 2122 2500 2160 ne
2526 2106 2632 2160 soit
2658 2106 2917 2176 appliqué

1212 2211 1325 2267 que
1344 2210 1444 2249 sur
1467 2193 1785 2264 l’épaisseur
1809 2194 1880 2248 de
1910 2195 1961 2248 la
1988 2193 2205 2263 feuille,
2237 2195 2375 2250 mais
2404 2195 2448 2249 si
2470 2196 2684 2266 chaque
2707 2196 2916 2250 feuillet

1212 2286 1345 2340 était
1382 2285 1579 2354 plongé
1604 2284 1738 2338 d’un
1767 2282 2083 2338 millimetre
2121 2284 2260 2338 dans
2287 2286 2338 2339 la
2364 2301 2582 2355 gomme
2611 2285 2909 2354 élastique,

1211 2377 1354 2428 cette
1375 2372 1582 2428 reliure
1609 2372 1779 2427 serait
1804 2374 1854 2427 la
1882 2374 2007 2442 plus
2035 2372 2209 2427 solide
2233 2374 2305 2428 de
2326 2377 2530 2428 toutes.
2565 2374 2716 2428 Nous
2743 2389 2914 2428 avons

1210 2462 1394 2517 résolu
1414 2477 1477 2516 ce
1504 2462 1788 2532 probléme
1815 2478 1886 2516 en
1917 2462 2245 2517 intercalant
2274 2467 2432 2518 cntre
2460 2465 2677 2533 chaque
2703 2463 2914 2517 feuillet

1209 2554 1286 2607 du
1314 2553 1454 2607 livre
1480 2568 1593 2608 une
1631 2551 1813 2607 bande
1849 2552 1920 2606 de
1958 2552 2151 2622 papier
2182 2553 2363 2622 blanc,
2406 2569 2476 2608 en
2517 2553 2742 2608 retraite
2779 2553 2912 2608 d’un

1209 2643 1523 2698 millimetre
1549 2659 1649 2698 sur
1676 2644 1755 2697 les
1781 2642 2020 2696 feuillets
2039 2642 2116 2698 du
2146 2643 2315 2715 livre,
2349 2646 2464 2700 cela
2488 2645 2586 2700 fait
2612 2661 2687 2699 an
2714 2644 2815 2700 dos
2841 2643 2912 2698 de

1206 2734 1404 2804 petites
1442 2732 1642 2803 rigoles
1678 2731 1776 2802 qui
1805 2731 2168 2802 s’emplissent
2192 2734 2262 2788 de
2290 2735 2660 2789 caout-chouc
2688 2737 2744 2788 et
2773 2733 2909 2788 don-

1208 2827 1343 2878 nent
1369 2822 1399 2876 :21
1429 2824 1478 2877 la
1507 2822 1714 2877 reliure
1742 2824 1792 2876 la
1821 2822 2039 2877 solidité
2066 2822 2300 2878 'désirée.
2334 2824 2485 2878 Nous
2513 2839 2750 2894 pensons
2777 2824 2910 2893 qu’il

1208 2916 1291 2968 est
1311 2912 1506 2968 inutile
1532 2913 1776 2967 d’entrer
1794 2911 1934 2968 dans
1957 2912 2028 2968 de
2045 2915 2172 2983 plus
2190 2891 2395 2983 grands
2414 2913 2610 2970 détails
2629 2930 2774 2984 pour
2792 2914 2910 2968 étre

1207 3001 1468 3072 compris.
1912 3072 1917 3081 \

1281 3092 1434 3148 Nous
1453 3092 1824 3147 terminerons
1854 3092 1922 3147 ici
1950 3094 2218 3148 l’examen
2245 3092 2344 3149 des
2370 3092 2620 3148 diverses
2639 3093 2909 3147 branches

1204 3184 1275 3238 de
1311 3184 1364 3238 la
1391 3180 1665 3251 librairie;
1698 3181 1736 3235 il
1775 3181 2036 3236 convient
2072 3181 2144 3238 de
2171 3186 2453 3238 traverser
2483 3182 2829 3253 rapidement
2858 3184 2907 3236 la

1204 3271 1465 3327 chambre
1485 3271 1617 3327 d’un
1637 3271 1872 3327 malade.
